%% Created using Papers on Mon, 14 Apr 2014.
%% http://papersapp.com/papers/

@article{Tan:2007jm,
author = {Tan, Dongyan and Rice, William J and Sosa, Hernando},
title = {{Structure of the Kinesin13-Microtubule Ring Complex}},
journal = {Structure},
year = {2007},
volume = {16},
number = {11},
pages = {1732--1739},
month = dec
}

@article{RobinMRicke:2012hj,
author = {Robin M Ricke, Karthik B Jeganathan Liviu Malureanu Andrew M Harrison Jan M van Deursen},
title = {{Bub1 kinase activity drives error correction and mitotic checkpoint control but not tumor suppression}},
journal = {The Journal of Cell Biology},
year = {2012},
volume = {199},
number = {6},
pages = {931},
month = dec
}

@article{Noujaim:2014gu,
author = {Noujaim, Michael and Bechstedt, Susanne and Wieczorek, Michal and Brouhard, Gary J},
title = {{Microtubules Accelerate the Kinase Activity of Aurora-B by a Reduction in Dimensionality}},
journal = {PLoS ONE},
year = {2014},
volume = {9},
number = {2},
pages = {e86786},
month = feb
}

@article{RosascoNitcher:2008jw,
author = {Rosasco-Nitcher, Sara E and Lan, Weijie and Khorasanizadeh, Sepideh and Stukenberg, P Todd},
title = {{Centromeric Aurora-B activation requires TD-60, microtubules, and substrate priming phosphorylation.}},
journal = {Science (New York, NY)},
year = {2008},
volume = {319},
number = {5862},
pages = {469--472},
month = jan
}

@article{Jeong:ub,
author = {Jeong, Yeontae and Lee, Jungmin and Kim, Kyeongmi and Yoo, Jae Cheal and Rhee, Kunsoo},
title = {{Characterization of NIP2/centrobin, a novel substrate of Nek2, and its potential role in microtubule stabilization}},
journal = {jcs.biologists.org}
}

@article{Zou:2005km,
author = {Zou, Chaozhong and Li, Jun and Bai, Yujie and Gunning, William T and Wazer, David E and Band, Vimla and Gao, Qingshen},
title = {{Centrobin: a novel daughter centriole-associated protein that is required for centriole duplication}},
journal = {The Journal of Cell Biology},
year = {2005},
volume = {171},
number = {3},
pages = {437--445},
month = oct
}

@article{Sir:2013hu,
author = {Sir, Joo-Hee and P{\"u}tz, Monika and Daly, Owen and Morrison, Ciaran G and Dunning, Mark and Kilmartin, John V and Gergely, Fanni},
title = {{Loss of centrioles causes chromosomal instability in vertebrate somatic cells.}},
journal = {The Journal of Cell Biology},
year = {2013},
volume = {203},
number = {5},
pages = {747--756},
month = dec
}

@article{CartaxoAmaro:bz,
author = {Cartaxo Amaro, Ana Catarina},
title = {{Mitotic chromosome movement in human cells}},
journal = {e-collection.library.ethz.ch}
}

@article{Fuentealba:2008fh,
author = {Fuentealba, L C and Eivers, E and Geissert, D and Taelman, V and De Robertis, E M},
title = {{Asymmetric mitosis: Unequal segregation of proteins destined for degradation}},
journal = {Proceedings of the National Academy of Sciences of the United States of America},
year = {2008},
volume = {105},
number = {22},
pages = {7732--7737},
month = jun
}

@article{Wigley:1999ui,
author = {Wigley, W C and Fabunmi, R P and Lee, M G and Marino, C R and Muallem, S and DeMartino, G N and Thomas, P J},
title = {{Dynamic association of proteasomal machinery with the centrosome.}},
journal = {Journal of Cell Biology},
year = {1999},
volume = {145},
number = {3},
pages = {481--490},
month = may
}

@article{Wang:2013df,
author = {Wang, Haifeng and Brust-Mascher, Ingrid and Civelekoglu-Scholey, Gul and Scholey, Jonathan M},
title = {{Patronin mediates a switch from kinesin-13-dependent poleward flux to anaphase B spindle elongation.}},
journal = {The Journal of Cell Biology},
year = {2013},
volume = {203},
number = {1},
pages = {35--46},
month = oct
}

@article{ORourke:2011kk,
author = {O'Rourke, Brian P and Sharp, David J},
title = {{Microtubule Dynamics: Patronin, Protector of the Minus End}},
journal = {Current Biology},
year = {2011},
volume = {21},
number = {2},
pages = {R77--R79},
month = jan
}

@article{Zhou:2002ko,
author = {Zhou, J},
title = {{Attachment and tension in the spindle assembly checkpoint}},
journal = {Journal of Cell Science},
year = {2002},
volume = {115},
number = {18},
pages = {3547--3555},
month = sep
}

@article{Abrieu:2000vk,
author = {Abrieu, A and Kahana, JA and Wood, KW and Cleveland, DW},
title = {{CENP-E as an essential component of the mitotic checkpoint in vitro}},
journal = {Cell},
year = {2000},
volume = {102},
number = {6},
pages = {817--826}
}

@article{Draviam:2004cl,
author = {Draviam, Viji M and Xie, Stephanie and Sorger, Peter K},
title = {{Chromosome segregation and genomic stability}},
journal = {Current opinion in genetics {\&} development},
year = {2004},
volume = {14},
number = {2},
pages = {120--125},
month = apr
}

@article{Hagting:2002fl,
author = {Hagting, A},
title = {{Human securin proteolysis is controlled by the spindle checkpoint and reveals when the APC/C switches from activation by Cdc20 to Cdh1}},
journal = {The Journal of Cell Biology},
year = {2002},
volume = {157},
number = {7},
pages = {1125--1137},
month = jun
}

@article{Jiang:2014bi,
author = {Jiang, Kai and Hua, Shasha and Mohan, Renu and Grigoriev, Ilya and Yau, Kah Wai and Liu, Qingyang and Katrukha, Eugene A and Altelaar, A F Maarten and Heck, Albert J R and Hoogenraad, Casper C and Akhmanova, Anna},
title = {{Microtubule Minus-End Stabilization by Polymerization-Driven CAMSAP Deposition}},
journal = {Developmental Cell},
year = {2014},
volume = {28},
number = {3},
pages = {295--309},
month = feb
}

@article{Maiato:2004fw,
author = {Maiato, H},
title = {{The dynamic kinetochore-microtubule interface}},
journal = {Journal of Cell Science},
year = {2004},
volume = {117},
number = {23},
pages = {5461--5477},
month = nov
}

@article{Ciferri:2007ul,
author = {Ciferri, C and Musacchio, A and Petrovic, A},
title = {{The Ndc80 complex: hub of kinetochore activity}},
journal = {FEBS letters},
year = {2007},
volume = {581},
number = {15},
pages = {2862--2869}
}

@article{Mitchison:2001vl,
author = {Mitchison, TJ and Salmon, ED},
title = {{Mitosis: a history of division}},
journal = {Nature Cell Biology},
year = {2001},
volume = {3},
number = {1},
pages = {E17--E21}
}

@article{Ganem:2005vx,
author = {Ganem, NJ and Upton, K and Compton, DA},
title = {{Efficient mitosis in human cells lacking poleward microtubule flux}},
journal = {Current Biology},
year = {2005},
volume = {15},
number = {20},
pages = {1827--1832}
}

@article{Skibbens:1993ub,
author = {Skibbens, RV and Skeen, VP and Salmon, ED},
title = {{Directional instability of kinetochore motility during chromosome congression and segregation in mitotic newt lung cells: a push-pull mechanism}},
journal = {Journal of Cell Biology},
year = {1993},
volume = {122},
number = {4},
pages = {859--875}
}

@article{Mcclelland:2007gv,
author = {Mcclelland, Sarah E and Borusu, Satyarebala and Amaro, Ana C and Winter, Jennifer R and Belwal, Mukta and Mcainsh, Andrew D and Meraldi, Patrick},
title = {{The CENP-A NAC/CAD kinetochore complex controls chromosome congression and spindle bipolarity}},
journal = {The EMBO Journal},
year = {2007},
volume = {26},
number = {24},
pages = {5033--5047},
month = dec
}

@article{Skibbens:1995wc,
author = {Skibbens, RV and Rieder, CL and Salmon, ED},
title = {{Kinetochore motility after severing between sister centromeres using laser microsurgery: evidence that kinetochore directional instability and position is regulated by tension}},
journal = {Journal of Cell Science},
year = {1995},
volume = {108},
number = {7},
pages = {2537--2548}
}

@article{Salmon:2005wx,
author = {Salmon, ED and Cimini, D and Cameron, LA and DeLuca, JG},
title = {{Merotelic kinetochores in mammalian tissue cells}},
journal = {Philosophical Transactions of the Royal Society B: Biological Sciences},
year = {2005},
volume = {360},
number = {1455},
pages = {553}
}

@article{KlineSmith:2005vq,
author = {Kline-Smith, SL and Sandall, S and Desai, A},
title = {{Kinetochore--spindle microtubule interactions during mitosis}},
journal = {Current Opinion in Cell Biology},
year = {2005},
volume = {17},
number = {1},
pages = {35--46}
}

@article{Toso:2009es,
author = {Toso, Alberto and Winter, Jennifer R and Garrod, Ainslie J and Amaro, Ana C and Meraldi, Patrick and Mcainsh, Andrew D},
title = {{Kinetochore-generated pushing forces separate centrosomes during bipolar spindle assembly}},
journal = {The Journal of Cell Biology},
year = {2009},
volume = {184},
number = {3},
pages = {365--372},
month = feb
}

@article{CivelekogluScholey:wl,
author = {Civelekoglu-Scholey, Gul and Bin He and Shen, Muyao and Wan, Xiaohu and Roscioli, Emanuele and Bowden, Brent and Cimini, Daniela},
title = {{Dynamic bonds and polar ejection force distribution explain kinetochore oscillations in PtK1 cells}},
journal = {jcb.rupress.org}
}

@article{Cheeseman:2008ha,
author = {Cheeseman, Iain M and Desai, Arshad},
title = {{Molecular architecture of the kinetochore-microtubule interface}},
journal = {Nature Reviews Molecular Cell Biology},
year = {2008},
volume = {9},
number = {1},
pages = {33--46}
}

@article{Rieder:2004va,
author = {Rieder, C and Maiato, H},
title = {{{\ldots} Division or Passing through What Happens When Cells Cannot Satisfy the Spindle Assembly Checkpoint}},
journal = {Developmental Cell},
year = {2004}
}

@article{Kapoor:2000ux,
author = {Kapoor, T and Mayer, T and Coughlin, M and Mitchison, T},
title = {{Probing spindle assembly mechanisms with monastrol, a small molecule inhibitor of the mitotic {\ldots}}},
journal = {Journal of Cell Biology},
year = {2000}
}

@article{Foltz:2006tp,
author = {Foltz, D and Jansen, L and Black, B and Bailey, A and Yates, J},
title = {{The human CENP-A centromeric nucleosome-associated complex}},
journal = {Nature Cell Biology},
year = {2006}
}

@article{Howell:2004ub,
author = {Howell, B and Moree, B and Farrar, E and Stewart, S and Fang, G},
title = {{Spindle checkpoint protein dynamics at kinetochores in living cells}},
journal = {Current Biology},
year = {2004}
}

@article{Pinsky:2005wy,
author = {Pinsky, B and Biggins, S},
title = {{The spindle checkpoint: tension versus attachment}},
journal = {Trends in Cell Biology},
year = {2005}
}

@webpage{Anonymous:hHoKSeYO,
title = {{Introduction to the Virtual Issue: Election Fraud and Electoral Integrity
}},
url = {http://www.oxfordjournals.org/our_journals/polana/virtual_issue_efraud.pdf}
}

@article{Tighe:2001vu,
author = {Tighe, A and Johnson, V and Albertella, M and Taylor, S},
title = {{Aneuploid colon cancer cells have a robust spindle checkpoint}},
journal = {EMBO reports},
year = {2001}
}

@article{Tan:2005ty,
author = {Tan, A and Padmashree, C and Surana, U},
title = {{Essential tension and constructive destruction: the spindle checkpoint and its regulatory links with {\ldots}}},
journal = {The Biochemical journal},
year = {2005}
}

@article{Mollinedo:2003ut,
author = {Mollinedo, F and Gajate, C},
title = {{Microtubules, microtubule-interfering agents and apoptosis}},
journal = {Apoptosis},
year = {2003}
}

@article{Yu:2002uy,
author = {Yu, H},
title = {{Regulation of APC--Cdc20 by the spindle checkpoint}},
journal = {Current Opinion in Cell Biology},
year = {2002}
}

@article{Lampson:2011en,
author = {Lampson, Michael A and Cheeseman, Iain M},
title = {{Sensing centromere tension: Aurora B and the regulation of kinetochore function}},
journal = {Trends in Cell Biology},
year = {2011},
volume = {21},
number = {3},
pages = {133--140},
month = mar
}

@article{Holt:2008ue,
author = {Holt, L and Krutchinsky, A and Morgan, D},
title = {{Positive feedback sharpens the anaphase switch}},
journal = {nature.com},
year = {2008}
}

@article{Zur:2001ud,
author = {Zur, A and Brandeis, M},
title = {{Securin degradation is mediated by fzy and fzr, and is required for complete chromatid separation {\ldots}}},
journal = {The EMBO Journal},
year = {2001}
}

@article{Higuchi:2005tw,
author = {Higuchi, T and Uhlmann, F},
title = {{Stabilization of microtubule dynamics at anaphase onset promotes chromosome segregation}},
journal = {Nature},
year = {2005}
}

@article{Tatebe:2001wz,
author = {Tatebe, H and Goshima, G and Takeda, K and Nakagawa, T},
title = {{Fission yeast living mitosis visualized by GFP-tagged gene products}},
journal = {Micron},
year = {2001}
}

@article{Banaszynski:2006ts,
author = {Banaszynski, L and Chen, L and Maynard-Smith, L and Ooi, A},
title = {{A rapid, reversible, and tunable method to regulate protein function in living cells using synthetic {\ldots}}},
journal = {Cell},
year = {2006}
}

@article{Jones:2004uw,
author = {Jones, J and Myers, J and Ferrell, Jr, J and Meyer, T},
title = {{Probing the precision of the mitotic clock with a live-cell fluorescent biosensor}},
journal = {Nature biotechnology},
year = {2004}
}

@article{Christopoulou:2003tk,
author = {Christopoulou, L and Moore, J and Tyler-Smith, C},
title = {{Over-expression of wild-type Securin leads to aneuploidy in human cells}},
journal = {Cancer letters},
year = {2003}
}

@article{Jallepalli:2001vt,
author = {Jallepalli, P and Lengauer, C},
title = {{Chromosome segregation and cancer: cutting through the mystery}},
journal = {nature.com},
year = {2001}
}

@article{Maresca:2009ev,
author = {Maresca, Thomas J and Salmon, Edward D},
title = {{Intrakinetochore stretch is associated with changes in kinetochore phosphorylation and spindle assembly checkpoint activity}},
journal = {The Journal of Cell Biology},
year = {2009},
volume = {184},
number = {3},
pages = {373--381},
month = feb
}

@article{Jaqaman:2006wz,
author = {Jaqaman, K and Danuser, G},
title = {{Linking data to models: data regression}},
journal = {Nature Reviews Molecular Cell Biology},
year = {2006}
}

@article{Jaqaman:2006wm,
author = {Jaqaman, K and Dorn, J and Jelson, G and Tytell, J},
title = {{Comparative autoregressive moving average analysis of kinetochore microtubule dynamics in yeast}},
journal = {Biophysical journal},
year = {2006}
}

@article{Stern:2001ue,
author = {Stern, B and Murray, A},
title = {{Lack of tension at kinetochores activates the spindle checkpoint in budding yeast}},
journal = {Current Biology},
year = {2001}
}

@article{Vigneron:2004vq,
author = {Vigneron, S and Prieto, S and Bernis, C and Labbe, J and Castro, A},
title = {{Kinetochore localization of spindle checkpoint proteins: Who controls whom?}},
journal = {Molecular Biology of the Cell},
year = {2004}
}

@article{Musacchio:2002wa,
author = {Musacchio, A and Hardwick, K},
title = {{The spindle checkpoint: structural insights into dynamic signalling}},
journal = {Nature Reviews Molecular Cell Biology},
year = {2002}
}

@article{Knowlton:2009gl,
author = {Knowlton, Anne L and Vorozhko, Valeriya V and Lan, Weijie and Gorbsky, Gary J and Stukenberg, P Todd},
title = {{ICIS and Aurora B Coregulate the Microtubule Depolymerase Kif2a}},
journal = {Current Biology},
year = {2009},
volume = {19},
number = {9},
pages = {758--763},
month = may
}

@article{Li:1995wd,
author = {Li, X and Nicklas, R},
title = {{Mitotic forces control a cell-cycle checkpoint}},
journal = {Nature},
year = {1995}
}

@article{Joglekar:2009km,
author = {Joglekar, Ajit P and Bloom, Kerry and Salmon, E D},
title = {{In vivo protein architecture of the eukaryotic kinetochore with nanometer scale accuracy}},
journal = {Current biology : CB},
year = {2009},
volume = {19},
number = {8},
pages = {694--699},
month = apr
}

@article{Sivaram:2009hq,
author = {Sivaram, Mylavarapu V S and Wadzinski, Thomas L and Redick, Sambra D and Manna, Tapas and Doxsey, Stephen J},
title = {{Dynein light intermediate chain 1 is required for progress through the spindle assembly checkpoint}},
journal = {The EMBO Journal},
year = {2009},
volume = {28},
number = {7},
pages = {902--914},
month = apr
}

@article{McEwen:2009cr,
author = {McEwen, Bruce F and Dong, Yimin},
title = {{Releasing the spindle assembly checkpoint without tension}},
journal = {The Journal of Cell Biology},
year = {2009},
volume = {184},
number = {3},
pages = {355--356},
month = feb
}

@article{Uchida:2009fr,
author = {Uchida, Kazuhiko S K and Takagaki, Kentaro and Kumada, Kazuki and Hirayama, Youko and Noda, Tetsuo and Hirota, Toru},
title = {{Kinetochore stretching inactivates the spindle assembly checkpoint}},
journal = {The Journal of Cell Biology},
year = {2009},
volume = {184},
number = {3},
pages = {383--390},
month = feb
}

@article{Mistry:2008bx,
author = {Mistry, Hitesh B and MacCallum, David E and Jackson, Robert C and Chaplain, Mark A J and Davidson, Fordyce A},
title = {{Modeling the temporal evolution of the spindle assembly checkpoint and role of Aurora B kinase.}},
journal = {Proceedings of the National Academy of Sciences of the United States of America},
year = {2008},
volume = {105},
number = {51},
pages = {20215--20220},
month = dec
}

@article{Hoyt:2001wz,
author = {Hoyt, M},
title = {{A new view of the spindle checkpoint}},
journal = {Journal of Cell Biology},
year = {2001}
}

@article{McGuinness:2009vs,
author = {McGuinness, BE and Anger, M and Kouznetsova, A and Gil-Bernab{\'e}, AM and Helmhart, W and Kudo, NR and Wuensche, A and Taylor, S and Hoog, C and Novak, B},
title = {{Regulation of APC/C Activity in Oocytes by a Bub1-Dependent Spindle Assembly Checkpoint}},
journal = {Current Biology},
year = {2009}
}

@article{Kim:2009we,
author = {Kim, H and Jeon, Y and Ha, G and Park, H and Kim, Y and Shin, H},
title = {{Functional Interaction between BubR1 and Securin in an Anaphase-Promoting Complex/CyclosomeCdc20- {\ldots}}},
journal = {Cancer Research},
year = {2009}
}

@article{Kops:2005un,
author = {Kops, G and Weaver, B and Cleveland, D},
title = {{On the road to cancer: aneuploidy and the mitotic checkpoint}},
journal = {Nature Reviews Cancer},
year = {2005}
}

@article{Marangos:2008fx,
author = {Marangos, Petros and Carroll, John},
title = {{Securin regulates entry into M-phase by modulating the stability of cyclin B}},
journal = {Nature Cell Biology},
year = {2008},
volume = {10},
number = {4},
pages = {445--451},
month = apr
}

@article{Zhao:2008cb,
author = {Zhao, Wei-Meng and Coppinger, Judith A and Seki, Akiko and Cheng, Xiao-Li and Yates, John R and Fang, Guowei},
title = {{RCS1, a substrate of APC/C, controls the metaphase to anaphase transition}},
journal = {Proceedings of the National Academy of Sciences of the United States of America},
year = {2008},
volume = {105},
number = {36},
pages = {13415--13420},
month = sep
}

@article{Zur:2002wd,
author = {Zur, Amit and Brandeis, Michael},
title = {{Timing of APC/C substrate degradation is determined by fzy/fzr specificity of destruction boxes}},
journal = {The EMBO Journal},
year = {2002},
volume = {21},
number = {17},
pages = {4500--4510},
month = sep
}

@article{Kops:2004vc,
author = {Kops, G and Foltz, D and Cleveland, D},
title = {{Lethality to human cancer cells through massive chromosome loss by inhibition of the mitotic {\ldots}}},
journal = {Proceedings of the National Academy of Sciences},
year = {2004}
}

@article{Meraldi:2004gc,
author = {Meraldi, Patrick and Draviam, Viji M and Sorger, Peter K},
title = {{Timing and checkpoints in the regulation of mitotic progression}},
journal = {Developmental Cell},
year = {2004},
volume = {7},
number = {1},
pages = {45--60},
month = jul
}

@article{Canman:2002wt,
author = {Canman, J and Salmon, E and Fang, G},
title = {{Inducing precocious anaphase in cultured mammalian cells}},
journal = {Cell motility and the cytoskeleton},
year = {2002}
}

@article{Malmanche:2006vt,
author = {Malmanche, N and Maia, A and Sunkel, C},
title = {{The spindle assembly checkpoint: preventing chromosome mis-segregation during mitosis and meiosis}},
journal = {FEBS letters},
year = {2006}
}

@article{Knowlton:2006vl,
author = {Knowlton, A and Lan, W and Stukenberg, P},
title = {{Aurora B is enriched at merotelic attachment sites, where it regulates MCAK}},
journal = {Current Biology},
year = {2006}
}

@article{Cimini:2002wk,
author = {Cimini, D and Fioravanti, D and Salmon, E and Degrassi, F},
title = {{Merotelic kinetochore orientation versus chromosome mono-orientation in the origin of lagging {\ldots}}},
journal = {Journal of Cell Science},
year = {2002}
}

@article{Cimini:2001vx,
author = {Cimini, D and Howell, B and Maddox, P and Khodjakov, A},
title = {{Merotelic kinetochore orientation is a major mechanism of aneuploidy in mitotic mammalian tissue {\ldots}}},
journal = {Journal of Cell Biology},
year = {2001}
}

@article{Rieder:1995ue,
author = {Rieder, C L and Cole, R W and Khodjakov, A and Sluder, G},
title = {{The checkpoint delaying anaphase in response to chromosome monoorientation is mediated by an inhibitory signal produced by unattached kinetochores}},
journal = {The Journal of Cell Biology},
year = {1995},
volume = {130},
number = {4},
pages = {941--948},
month = aug
}

@article{Rieder:1994ua,
author = {Rieder, C L and Schultz, A and Cole, R and Sluder, G},
title = {{Anaphase onset in vertebrate somatic cells is controlled by a checkpoint that monitors sister kinetochore attachment to the spindle}},
journal = {The Journal of Cell Biology},
year = {1994},
volume = {127},
number = {5},
pages = {1301--1310},
month = dec
}

@article{Brito:2006vi,
author = {Brito, D and Rieder, C},
title = {{{\ldots} slippage in humans occurs via cyclin B destruction in the presence of an active checkpoint}},
journal = {Current Biology},
year = {2006}
}

@article{Rieder:1998tu,
author = {Rieder, C and Salmon, E},
title = {{The vertebrate cell kinetochore and its roles during mitosis}},
journal = {Trends in Cell Biology},
year = {1998}
}

@article{Shah:2004vl,
author = {Shah, J and Botvinick, E and Bonday, Z and Furnari, F and Berns, M},
title = {{Dynamics of Centromere and Kinetochore Proteins Implications for Checkpoint Signaling and Silencing}},
journal = {Current Biology},
year = {2004}
}

@article{Howell:2001jb,
author = {Howell, B J and Mcewen, B F and Canman, J C and Hoffman, D B and Farrar, E M and Rieder, C L and Salmon, E D},
title = {{Cytoplasmic dynein/dynactin drives kinetochore protein transport to the spindle poles and has a role in mitotic spindle checkpoint inactivation}},
journal = {The Journal of Cell Biology},
year = {2001},
volume = {155},
number = {7},
pages = {1159--1172},
month = dec
}

@article{Musacchio:2007jx,
author = {Musacchio, Andrea and Salmon, Edward D},
title = {{The spindle-assembly checkpoint in space and time}},
journal = {Nature Reviews Molecular Cell Biology},
year = {2007},
volume = {8},
number = {5},
pages = {379--393},
month = may,
annote = {10.1038/nrm2163t}
}

@article{Watanabe:2009kl,
author = {Watanabe, Nobumoto and Sekine, Tomomi and Takagi, Masatoshi and Iwasaki, Jun-ichi and Imamoto, Naoko and Kawasaki, Hisashi and Osada, Hiroyuki},
title = {{Deficiency in chromosome congression by the inhibition of Plk1 polo box domain-dependent recognition}},
journal = {The Journal of biological chemistry},
year = {2009},
volume = {284},
number = {4},
pages = {2344--2353},
month = jan
}

@article{Kapoor:2006ey,
author = {Kapoor, Tarun M and Lampson, Michael A and Hergert, Polla and Cameron, Lisa and Cimini, Daniela and Salmon, E D and McEwen, Bruce F and Khodjakov, Alexey},
title = {{Chromosomes can congress to the metaphase plate before biorientation.}},
journal = {Science (New York, NY)},
year = {2006},
volume = {311},
number = {5759},
pages = {388--391},
month = jan
}

@article{Jang:1995tn,
author = {Jang, J K and Messina, L and Erdman, M B and Arbel, T and Hawley, R S},
title = {{Induction of metaphase arrest in Drosophila oocytes by chiasma-based kinetochore tension}},
journal = {Science (New York, NY)},
year = {1995},
volume = {268},
number = {5219},
pages = {1917--1919},
month = jun
}

@article{Nicklas:1995uz,
author = {Nicklas, R B and Ward, S C and Gorbsky, G J},
title = {{Kinetochore chemistry is sensitive to tension and may link mitotic forces to a cell cycle checkpoint}},
journal = {The Journal of Cell Biology},
year = {1995},
volume = {130},
number = {4},
pages = {929--939},
month = aug
}

@article{Nicklas:2001wg,
author = {Nicklas, R B and Waters, J C and Salmon, E D and Ward, S C},
title = {{Checkpoint signals in grasshopper meiosis are sensitive to microtubule attachment, but tension is still essential}},
journal = {Journal of Cell Science},
year = {2001},
volume = {114},
number = {Pt 23},
pages = {4173--4183},
month = dec
}

@article{Varma:2008dt,
author = {Varma, Dileep and Monzo, Pascale and Stehman, Stephanie A and Vallee, Richard B},
title = {{Direct role of dynein motor in stable kinetochore-microtubule attachment, orientation, and alignment}},
journal = {The Journal of Cell Biology},
year = {2008},
volume = {182},
number = {6},
pages = {1045--1054},
month = sep
}

@article{Baker:2007ea,
author = {Baker, D J and Dawlaty, M M and Galardy, P and van Deursen, J M},
title = {{Mitotic regulation of the anaphase-promoting complex}},
journal = {Cellular and molecular life sciences : CMLS},
year = {2007},
volume = {64},
number = {5},
pages = {589--600},
month = mar
}

@article{Peters:2007cc,
author = {Peters, Jan-Michael and Peters, Jan-Michael},
title = {{Cell biology: The checkpoint brake relieved}},
journal = {Nature},
year = {2007},
volume = {446},
number = {7138},
pages = {868},
month = apr
}

@article{Gerlich:2006em,
author = {Gerlich, Daniel and Koch, Birgit and Dupeux, Florine and Peters, Jan-Michael and Ellenberg, Jan},
title = {{Live-Cell Imaging Reveals a Stable Cohesin-Chromatin Interaction after but Not before DNA Replication}},
journal = {Current Biology},
year = {2006},
volume = {16},
number = {15},
pages = {1571--1578},
month = aug
}

@article{Peters:2006cj,
author = {Peters, Jan-Michael},
title = {{The anaphase promoting complex/cyclosome: a machine designed to destroy.}},
journal = {Nature Reviews Molecular Cell Biology},
year = {2006},
volume = {7},
number = {9},
pages = {644--656},
month = sep
}

@article{Lenart:2006dy,
author = {L{\'e}n{\'a}rt, P{\'e}ter and Peters, Jan-Michael},
title = {{Checkpoint activation: don't get mad too much}},
journal = {Current biology : CB},
year = {2006},
volume = {16},
number = {11},
pages = {R412--4},
month = jun
}

@article{Buschhorn:2006fp,
author = {Buschhorn, Bettina A and Buschhorn, Bettina A and Peters, Jan-Michael and Peters, Jan-Michael},
title = {{How APC/C orders destruction}},
journal = {Nature Cell Biology},
year = {2006},
volume = {8},
number = {3},
pages = {209},
month = mar
}

@article{Hagting:2002fla,
author = {Hagting, Anja and Den Elzen, Nicole and Vodermaier, Hartmut C and Waizenegger, Irene C and Peters, Jan-Michael and Pines, Jonathon},
title = {{Human securin proteolysis is controlled by the spindle checkpoint and reveals when the APC/C switches from activation by Cdc20 to Cdh1}},
journal = {The Journal of Cell Biology},
year = {2002},
volume = {157},
number = {7},
pages = {1125--1137},
month = jun
}

@article{Gerlich:2001jo,
author = {Gerlich, Daniel and Gerlich, Daniel and Beaudouin, Jo euml l and Beaudouin, Jo euml l and Gebhard, Matthias and Gebhard, Matthias and Ellenberg, Jan and Ellenberg, Jan and Eils, Roland and Eils, Roland},
title = {{Four-dimensional imaging and quantitative reconstruction to analyse complex spatiotemporal processes in live cells}},
journal = {Nature Cell Biology},
year = {2001},
volume = {3},
number = {9},
pages = {852},
month = aug
}

@article{Saffery:2000fp,
author = {Saffery, Richard and Irvine, Danielle and Griffiths, Belinda and Kalitsis, Paul and Choo, K},
title = {{Components of the human spindle checkpoint control mechanism localize specifically to the active centromere on dicentric chromosomes}},
journal = {Human Genetics},
year = {2000},
volume = {107},
number = {4},
pages = {376--384},
month = oct
}

@article{Mikhailov:2002iz,
author = {Mikhailov, Alexei and Cole, Richard W and Rieder, Conly L},
title = {{DNA Damage during Mitosis in Human Cells Delays the Metaphase/Anaphase Transition via the Spindle-Assembly Checkpoint}},
journal = {Current biology : CB},
year = {2002},
volume = {12},
number = {21},
pages = {1797--1806},
month = oct
}

@article{Hauf:2003jy,
author = {Hauf, Silke and Cole, Richard and Laterra, Sabrina and Zimmer, Christine and Schnapp, Gisela and Walter, Rainer and Heckel, Armin and Van Meel, Jacques and Rieder, Conly and Peters, Jan-Michael},
title = {{The small molecule Hesperadin reveals a role for Aurora B in correcting kinetochore-microtubule attachment and in maintaining the spindle assembly checkpoint}},
journal = {The Journal of Cell Biology},
year = {2003},
volume = {161},
number = {2},
pages = {281},
month = apr
}

@article{Fernandez:2009hw,
author = {Fernandez, Nicolas and Chang, Qiang and Buster, Daniel W and Sharp, David J and Ma, Ao},
title = {{A model for the regulatory network controlling the dynamics of kinetochore microtubule plus-ends and poleward flux in metaphase}},
journal = {Proceedings of the National Academy of Sciences of the United States of America},
year = {2009},
volume = {106},
number = {19},
pages = {7846--7851},
month = may
}

@article{Yuan:2009vb,
author = {Yuan, Kai and Li, Na and Huo, Yuda and Yan, Feng and Yang, Yong and Ward, Tarsha and Jin, Changjiang and Yao, Xuebiao},
title = {{Recruitment of separase to mitotic chromosomes is regulated by Aurora B}},
journal = {Cell cycle (Georgetown, Tex)},
year = {2009},
volume = {8},
number = {9},
pages = {1433--1443},
month = may
}

@article{Solomon:2008io,
author = {Solomon, Mark J and Burton, Janet L},
title = {{Securin' M-phase entry}},
journal = {Nature Cell Biology},
year = {2008},
volume = {10},
number = {4},
pages = {381--383},
month = apr
}

@article{Cameron:2006bn,
author = {Cameron, Lisa A and Yang, Ge and Cimini, Daniela and Canman, Julie C and Kisurina-Evgenieva, Olga and Khodjakov, Alexey and Danuser, Gaudenz and Salmon, E D},
title = {{Kinesin 5-independent poleward flux of kinetochore microtubules in PtK1 cells}},
journal = {The Journal of Cell Biology},
year = {2006},
volume = {173},
number = {2},
pages = {173--179},
month = apr
}

@article{Fabunmi:2000hx,
author = {Fabunmi, R P},
title = {{Activity and Regulation of the Centrosome-associated Proteasome}},
journal = {Journal of Biological Chemistry},
year = {2000},
volume = {275},
number = {1},
pages = {409--413},
month = jan
}

@article{Rossner:2004dc,
author = {Rossner, Mike and Yamada, Kenneth},
title = {{What's in a picture? The temptation of image manipulation}},
journal = {The Journal of Cell Biology},
year = {2004},
volume = {166},
number = {1},
pages = {11},
month = jul
}

@article{Brielmeier:1998va,
author = {Brielmeier, M and B{\'e}chet, J M and Falk, M H and Pawlita, M and Polack, A and Bornkamm, G W},
title = {{Improving stable transfection efficiency: antioxidants dramatically improve the outgrowth of clones under dominant marker selection}},
journal = {Nucleic Acids Research},
year = {1998},
volume = {26},
number = {9},
pages = {2082--2085},
month = may
}

@article{Kim:2007kn,
author = {Kim, D and Franklyn, J and Smith, V and Stratford, A and Pemberton, H and Warfield, A and Watkinson, J and Ishmail, T and Wakelam, M and Mccabe, C},
title = {{Securin induces genetic instability in colorectal cancer by inhibiting double-stranded DNA repair activity}},
journal = {Carcinogenesis},
year = {2007},
volume = {28},
number = {3},
pages = {749},
month = mar
}

@article{Grimm:2004ga,
author = {Grimm, Stefan},
title = {{The art and design of genetic screens: mammalian culture cells}},
journal = {Nature Reviews Genetics},
year = {2004},
volume = {5},
number = {3},
pages = {179--189},
month = mar
}

@article{Didier:2007cg,
author = {Didier, C and Merdes, A and Gairin, J E and Jabrane-Ferrat, N},
title = {{Inhibition of Proteasome Activity Impairs Centrosome-dependent Microtubule Nucleation and Organization}},
journal = {Molecular Biology of the Cell},
year = {2007},
volume = {19},
number = {3},
pages = {1220--1229},
month = dec
}

@article{Andrews:2002tb,
author = {Andrews, Paul D and Harper, Ian S and Swedlow, Jason R},
title = {{To 5D and beyond: quantitative fluorescence microscopy in the postgenomic era}},
journal = {Traffic (Copenhagen, Denmark)},
year = {2002},
volume = {3},
number = {1},
pages = {29--36}
}

@article{Jacobsen:2004jr,
author = {Jacobsen, L},
title = {{FuGENE 6 Transfection Reagent: the gentle power}},
journal = {Methods},
year = {2004},
volume = {33},
number = {2},
pages = {104--112},
month = jun
}

@article{Fernius:2009br,
author = {Fernius, Josefin and Hardwick, Kevin G},
title = {{The spindle checkpoint: assays for the analysis of spindle checkpoint arrest and recovery}},
journal = {Methods in molecular biology (Clifton, NJ)},
year = {2009},
volume = {545},
pages = {243--258}
}

@article{Barr:2009jn,
author = {Barr, Alexis R and Zyss, Deborah and Gergely, Fanni},
title = {{Knock-in and Knock-out: The Use of Reverse Genetics in Somatic Cells to Dissect Mitotic Pathways}},
journal = {Methods in molecular biology (Clifton, NJ)},
year = {2009},
volume = {545},
pages = {1--19}
}

@article{Berdougo:2009gn,
author = {Berdougo, Eli and Terret, Marie-Emilie and Jallepalli, Prasad V},
title = {{Functional dissection of mitotic regulators through gene targeting in human somatic cells}},
journal = {Methods in molecular biology (Clifton, NJ)},
year = {2009},
volume = {545},
pages = {21--37}
}

@article{BettencourtDias:2009df,
author = {Bettencourt-Dias, M{\'o}nica and Goshima, Gohta},
title = {{RNAi in Drosophila S2 Cells as a Tool for Studying Cell Cycle Progression}},
journal = {Methods in molecular biology (Clifton, NJ)},
year = {2009},
volume = {545},
pages = {39--62}
}

@article{Schmitz:2009bm,
author = {Schmitz, Michael H A and Gerlich, Daniel W},
title = {{Automated live microscopy to study mitotic gene function in fluorescent reporter cell lines}},
journal = {Methods in molecular biology (Clifton, NJ)},
year = {2009},
volume = {545},
pages = {113--134}
}

@article{DAvino:2009eq,
author = {D'Avino, Pier Paolo and Archambault, Vincent and Przewloka, Marcin R and Zhang, Wei and Laue, Ernest D and Glover, David M},
title = {{Isolation of protein complexes involved in mitosis and cytokinesis from Drosophila cultured cells}},
journal = {Methods in molecular biology (Clifton, NJ)},
year = {2009},
volume = {545},
pages = {99--112}
}

@article{Pereira:2009bp,
author = {Pereira, Ant{\'o}nio J and Matos, Irina and Lince-Faria, Mariana and Maiato, Helder},
title = {{Dissecting mitosis with laser microsurgery and RNAi in Drosophila cells.}},
journal = {Methods in molecular biology (Clifton, NJ)},
year = {2009},
volume = {545},
pages = {145--164}
}

@article{Prosser:2009ky,
author = {Prosser, Suzanna L and Fry, Andrew M},
title = {{Fluorescence imaging of the centrosome cycle in Mammalian cells}},
journal = {Methods in molecular biology (Clifton, NJ)},
year = {2009},
volume = {545},
pages = {165--183}
}

@article{Mcainsh:2009bs,
author = {Mcainsh, Andrew D},
title = {{Methods in Molecular Biology}},
year = {2009},
volume = {545}
}

@article{Mcainsh:2009bsa,
author = {Mcainsh, Andrew D},
title = {{Methods in Molecular Biology}},
year = {2009},
volume = {545}
}

@article{Lindon:2009kj,
author = {Lindon, Catherine and Fiore, Barbara Di},
title = {{Measuring proteolysis in mitosis}},
journal = {Methods in molecular biology (Clifton, NJ)},
year = {2009},
volume = {545},
pages = {259--270}
}

@article{Klebig:2009ce,
author = {Klebig, Christiane and Toso, Alberto and Borusu, Satyarebala and Meraldi, Patrick},
title = {{Analysing kinetochore function in human cells: spindle checkpoint and chromosome congression}},
journal = {Methods in molecular biology (Clifton, NJ)},
year = {2009},
volume = {545},
pages = {205--220}
}

@article{Schuyler:2009hj,
author = {Schuyler, Scott C and Murray, Andrew W},
title = {{An in vitro assay for cdc20-dependent mitotic anaphase-promoting complex activity from budding yeast}},
journal = {Methods in molecular biology (Clifton, NJ)},
year = {2009},
volume = {545},
pages = {271--285}
}

@article{Yamano:2009cs,
author = {Yamano, Hiroyuki and Trickey, Michelle and Grimaldi, Margaret and Kimata, Yuu},
title = {{In Vitro Assays for the Anaphase-Promoting Complex/Cyclosome (APC/C) in Xenopus Egg Extracts}},
journal = {Methods in molecular biology (Clifton, NJ)},
year = {2009},
volume = {545},
pages = {287--300}
}

@article{Mayr:2007bs,
author = {Mayr, Monika I and H{\"u}mmer, Stefan and Bormann, Jenny and Gr{\"u}ner, Tamara and Adio, Sarah and Woehlke, Guenther and Mayer, Thomas U},
title = {{The human kinesin Kif18A is a motile microtubule depolymerase essential for chromosome congression.}},
journal = {Current biology : CB},
year = {2007},
volume = {17},
number = {6},
pages = {488--498},
month = mar
}

@article{Stumpff:2008bd,
author = {Stumpff, Jason and von Dassow, George and Wagenbach, Michael and Asbury, Charles and Wordeman, Linda},
title = {{The kinesin-8 motor Kif18A suppresses kinetochore movements to control mitotic chromosome alignment}},
journal = {Developmental Cell},
year = {2008},
volume = {14},
number = {2},
pages = {252--262},
month = feb
}

@article{Stumpff:2007ht,
author = {Stumpff, Jason and Wordeman, Linda},
title = {{Chromosome congression: the kinesin-8-step path to alignment}},
journal = {Current biology : CB},
year = {2007},
volume = {17},
number = {9},
pages = {R326--8},
month = may
}

@article{Zusev:2008dy,
author = {Zusev, Margalit and Benayahu, Dafna},
title = {{New insights on cellular distribution, microtubule interactions and post-translational modifications of MS-KIF18A}},
journal = {Journal of cellular physiology},
year = {2008},
volume = {217},
number = {3},
pages = {618--625},
month = dec
}

@article{Gardner:2008hr,
author = {Gardner, Melissa K and Odde, David J and Bloom, Kerry},
title = {{Kinesin-8 molecular motors: putting the brakes on chromosome oscillations}},
journal = {Trends in Cell Biology},
year = {2008},
volume = {18},
number = {7},
pages = {307--310},
month = jul
}

@article{Maiato:2005jy,
author = {Maiato, Helder and Khodjakov, Alexey and Rieder, Conly L},
title = {{Drosophila CLASP is required for the incorporation of microtubule subunits into fluxing kinetochore fibres}},
journal = {Nature Cell Biology},
year = {2005},
volume = {7},
number = {1},
pages = {42--47}
}

@article{Wan:2009ij,
author = {Wan, Xiaohu and O'Quinn, Ryan P and Pierce, Heather L and Joglekar, Ajit P and Gall, Walt E and DeLuca, Jennifer G and Carroll, Christopher W and Liu, Song-Tao and Yen, Tim J and McEwen, Bruce F and Stukenberg, P Todd and Desai, Arshad and Salmon, E D},
title = {{Protein Architecture of the Human Kinetochore Microtubule Attachment Site}},
journal = {Cell},
year = {2009},
volume = {137},
number = {4},
pages = {672--684},
month = may
}

@article{Lee:2011er,
author = {Lee, Kwanwoo and Rhee, Kunsoo},
title = {{PLK1 phosphorylation of pericentrin initiates centrosome maturation at the onset of mitosis.}},
journal = {The Journal of Cell Biology},
year = {2011},
volume = {195},
number = {7},
pages = {1093--1101},
month = dec
}

@article{McCarthyCampbell:2009il,
author = {McCarthy Campbell, Erin K and Werts, Adam D and Goldstein, Bob},
title = {{A cell cycle timer for asymmetric spindle positioning}},
journal = {PLoS biology},
year = {2009},
volume = {7},
number = {4},
pages = {e1000088},
month = apr
}

@article{Cai:2009fi,
author = {Cai, Shang and O'Connell, Christopher B and Khodjakov, Alexey and Walczak, Claire E},
title = {{Chromosome congression in the absence of kinetochore fibres.}},
journal = {Nature Cell Biology},
year = {2009},
volume = {11},
number = {7},
pages = {832--838},
month = jun
}

@article{Howell:2000uz,
author = {Howell, B J and Hoffman, D B and Fang, G and Murray, A W and Salmon, E D},
title = {{Visualization of Mad2 dynamics at kinetochores, along spindle fibers, and at spindle poles in living cells}},
journal = {The Journal of Cell Biology},
year = {2000},
volume = {150},
number = {6},
pages = {1233--1250},
month = sep
}

@article{Hyman:1996uv,
author = {Hyman, A A and Karsenti, E},
title = {{Morphogenetic properties of microtubules and mitotic spindle assembly}},
journal = {Cell},
year = {1996},
volume = {84},
number = {3},
pages = {401--410},
month = feb
}

@article{Shaner:2005ti,
author = {Shaner, N and Steinbach, P and Tsien, R},
title = {{A guide to choosing fluorescent proteins}},
journal = {Nature Methods},
year = {2005}
}

@article{Basto:2006jo,
author = {Basto, Renata and Lau, Joyce and Vinogradova, Tatiana and Gardiol, Alejandra and Woods, C Geoffrey and Khodjakov, Alexey and Raff, Jordan W},
title = {{Flies without centrioles}},
journal = {Cell},
year = {2006},
volume = {125},
number = {7},
pages = {1375--1386},
month = jun
}

@article{Gadde:2004cu,
author = {Gadde, Sharat and Heald, Rebecca},
title = {{Mechanisms and molecules of the mitotic spindle}},
journal = {Current biology : CB},
year = {2004},
volume = {14},
number = {18},
pages = {R797--805},
month = sep
}

@article{Khodjakov:2000ti,
author = {Khodjakov, A and Cole, R W and Oakley, B R and Rieder, C L},
title = {{Centrosome-independent mitotic spindle formation in vertebrates.}},
journal = {Current Biology},
year = {2000},
volume = {10},
number = {2},
pages = {59--67},
month = jan
}

@article{Leidel:2005bj,
author = {Leidel, Sebastian and Delattre, Marie and Cerutti, Lorenzo and Baumer, Karine and G{\"o}nczy, Pierre},
title = {{SAS-6 defines a protein family required for centrosome duplication in C. elegans and in human cells}},
journal = {Nature Cell Biology},
year = {2005},
volume = {7},
number = {2},
pages = {115--125},
month = feb
}

@article{OConnell:2007es,
author = {O'Connell, Christopher B and Khodjakov, Alexey L},
title = {{Cooperative mechanisms of mitotic spindle formation}},
journal = {Journal of Cell Science},
year = {2007},
volume = {120},
number = {Pt 10},
pages = {1717--1722},
month = may
}

@article{Piel:2000ww,
author = {Piel, M and Meyer, P and Khodjakov, A and Rieder, C L and Bornens, M},
title = {{The respective contributions of the mother and daughter centrioles to centrosome activity and behavior in vertebrate cells}},
journal = {The Journal of Cell Biology},
year = {2000},
volume = {149},
number = {2},
pages = {317--330},
month = apr
}

@article{Buffin:2007ct,
author = {Buffin, Eulalie and Emre, Doruk and Karess, Roger E},
title = {{Flies without a spindle checkpoint}},
journal = {Nature Cell Biology},
year = {2007},
volume = {9},
number = {5},
pages = {565--572},
month = may
}

@article{Karsenti:1984tk,
author = {Karsenti, E and Newport, J and Kirschner, M},
title = {{Respective roles of centrosomes and chromatin in the conversion of microtubule arrays from interphase to metaphase}},
journal = {The Journal of Cell Biology},
year = {1984},
volume = {99},
number = {1 Pt 2},
pages = {47s--54s},
month = jul
}

@article{Chan:2005em,
author = {Chan, Gordon K and Liu, Song-Tao and Yen, Tim J},
title = {{Kinetochore structure and function}},
journal = {Trends in Cell Biology},
year = {2005},
volume = {15},
number = {11},
pages = {589--598},
month = nov
}

@article{Haren:2009js,
author = {Haren, Laurence and Gnadt, Nicole and Wright, Michel and Merdes, Andreas},
title = {{NuMA is required for proper spindle assembly and chromosome alignment in prometaphase}},
journal = {BMC research notes},
year = {2009},
volume = {2},
pages = {64}
}

@article{Hornick:2008ja,
author = {Hornick, Jessica E and Bader, Jason R and Tribble, Emily K and Trimble, Kayleigh and Breunig, J Scott and Halpin, Elizabeth S and Vaughan, Kevin T and Hinchcliffe, Edward H},
title = {{Live-cell analysis of mitotic spindle formation in taxol-treated cells}},
journal = {Cell motility and the cytoskeleton},
year = {2008},
volume = {65},
number = {8},
pages = {595--613},
month = aug
}

@article{Silk:2009jd,
author = {Silk, Alain D and Holland, Andrew J and Cleveland, Don W},
title = {{Requirements for NuMA in maintenance and establishment of mammalian spindle poles}},
journal = {The Journal of Cell Biology},
year = {2009},
volume = {184},
number = {5},
pages = {677--690},
month = mar
}

@article{Santaguida:2009dz,
author = {Santaguida, S and Musacchio, A},
title = {{The life and miracles of kinetochores}},
journal = {The EMBO Journal},
year = {2009},
month = jul
}

@article{Schatten:2008gb,
author = {Schatten, Heide},
title = {{The mammalian centrosome and its functional significance}},
journal = {Histochemistry and cell biology},
year = {2008},
volume = {129},
number = {6},
pages = {667--686},
month = jun
}

@article{Stephens:2003tf,
author = {Stephens, D and Allan, V},
title = {{Light microscopy techniques for live cell imaging}},
journal = {Science (New York, NY)},
year = {2003}
}

@article{Tsien:1990tw,
author = {Tsien, R and Waggoner, A},
title = {{Fluorophores for confocal microscopy: photophysics and photochemistry}},
journal = {Handbook of biological confocal microscopy},
year = {1990}
}

@article{Pawley:2008vn,
author = {Pawley, J and Masters, B},
title = {{Handbook of biological confocal microscopy}},
journal = {Journal of Biomedical Optics},
year = {2008}
}

@article{Pawley:2000ug,
author = {Pawley, J},
title = {{The 39 steps: a cautionary tale of quantitative 3-D fluorescence microscopy}},
journal = {Biotechniques},
year = {2000}
}

@article{Swedlow:2002vb,
author = {Swedlow, J and Platani, M},
title = {{Live cell imaging using wide-field microscopy and deconvolution}},
journal = {Cell structure and function},
year = {2002}
}

@article{Pawley:ui,
author = {Pawley, J and Dailey, M and Manders, E and Soll, D},
title = {{Confocal Microscopy of Live Cells}},
journal = {cbm.uam.es}
}

@article{Dailey:2006ui,
author = {Dailey, M and Manders, E and Soll, D and Terasaki, M},
title = {{Confocal microscopy of living cells}},
journal = {Handbook of biological confocal microscopy},
year = {2006}
}

@article{Dammermann:2004iy,
author = {Dammermann, Alexander and M{\"u}ller-Reichert, Thomas and Pelletier, Laurence and Habermann, Bianca and Desai, Arshad and Oegema, Karen},
title = {{Centriole Assembly Requires Both Centriolar and Pericentriolar Material Proteins}},
journal = {Developmental Cell},
year = {2003},
volume = {7},
number = {6},
pages = {815--829},
month = dec
}

@article{Sluder:1985th,
author = {Sluder, G and Rieder, C L},
title = {{Centriole number and the reproductive capacity of spindle poles}},
journal = {The Journal of Cell Biology},
year = {1985},
volume = {100},
number = {3},
pages = {887--896},
month = mar
}

@article{Varmark:2007gs,
author = {Varmark, Hanne and Llamazares, Salud and Rebollo, Elena and Lange, Bodo and Reina, Jose and Schwarz, Heinz and Gonzalez, Cayetano},
title = {{Asterless is a centriolar protein required for centrosome function and embryo development in Drosophila}},
journal = {Current biology : CB},
year = {2007},
volume = {17},
number = {20},
pages = {1735--1745},
month = oct
}

@article{Pelletier:2007hj,
author = {Pelletier, Laurence},
title = {{Centrioles: duplicating precariously}},
journal = {Current biology : CB},
year = {2007},
volume = {17},
number = {17},
pages = {R770--3},
month = sep
}

@article{Ring:1982vp,
author = {Ring, D and Hubble, R and Kirschner, M},
title = {{Mitosis in a cell with multiple centrioles}},
journal = {The Journal of Cell Biology},
year = {1982},
volume = {94},
number = {3},
pages = {549--556},
month = sep
}

@article{Salisbury:2008hj,
author = {Salisbury, Jeffrey L},
title = {{Breaking the ties that bind centriole numbers}},
journal = {Nature Cell Biology},
year = {2008},
volume = {10},
number = {3},
pages = {255--257},
month = mar
}

@article{Rice:2002tc,
author = {Rice, Luke M and Agard, David A},
title = {{Centriole duplication: centrin in on answers?}},
journal = {Current biology : CB},
year = {2002},
volume = {12},
number = {18},
pages = {R618--9},
month = sep
}

@article{Dammermann:2002fv,
author = {Dammermann, Alexander and Merdes, Andreas},
title = {{Assembly of centrosomal proteins and microtubule organization depends on PCM-1.}},
journal = {Journal of Cell Biology},
year = {2002},
volume = {159},
number = {2},
pages = {255--266},
month = oct
}

@article{Bobinnec:1998uj,
author = {Bobinnec, Y and Khodjakov, A and Mir, L M and Rieder, C L and Edd{\'e}, B and Bornens, M},
title = {{Centriole disassembly in vivo and its effect on centrosome structure and function in vertebrate cells}},
journal = {The Journal of Cell Biology},
year = {1998},
volume = {143},
number = {6},
pages = {1575--1589},
month = dec
}

@article{Purohit:1999kt,
author = {Purohit, Aruna and Tynan, Sharon and Vallee, Richard and Doxsey, Stephen},
title = {{Direct Interaction of Pericentrin with Cytoplasmic Dynein Light Intermediate Chain Contributes to Mitotic Spindle Organization}},
journal = {The Journal of Cell Biology},
year = {1999},
volume = {147},
number = {3},
pages = {481},
month = nov
}

@article{Cimini:2004jm,
author = {Cimini, Daniela and Cameron, Lisa A and Salmon, E D},
title = {{Anaphase spindle mechanics prevent mis-segregation of merotelically oriented chromosomes}},
journal = {Current biology : CB},
year = {2004},
volume = {14},
number = {23},
pages = {2149--2155},
month = dec
}

@article{Badano:2005kw,
author = {Badano, Jose L and Teslovich, Tanya M and Katsanis, Nicholas},
title = {{The centrosome in human genetic disease}},
journal = {Nature Reviews Genetics},
year = {2005},
volume = {6},
number = {3},
pages = {194},
month = mar
}

@article{Cimini:2002uh,
author = {Cimini, Daniela and Fioravanti, Daniela and Salmon, E D and Degrassi, Francesca},
title = {{Merotelic kinetochore orientation versus chromosome mono-orientation in the origin of lagging chromosomes in human primary cells}},
journal = {Journal of Cell Science},
year = {2002},
volume = {115},
number = {Pt 3},
pages = {507--515},
month = feb
}

@article{Cimini:2007vp,
author = {Cimini, Daniela},
title = {{Detection and correction of merotelic kinetochore orientation by Aurora B and its partners}},
journal = {Cell cycle (Georgetown, Tex)},
year = {2007},
volume = {6},
number = {13},
pages = {1558--1564},
month = jul
}

@article{Maccioni:1995wt,
author = {Maccioni, R B and Cambiazo, V},
title = {{Role of microtubule-associated proteins in the control of microtubule assembly}},
journal = {Physiological reviews},
year = {1995},
volume = {75},
number = {4},
pages = {835--864},
month = oct
}

@article{Varmark:2004bl,
author = {Varmark, Hanne},
title = {{Functional role of centrosomes in spindle assembly and organization}},
journal = {Journal of cellular biochemistry},
year = {2004},
volume = {91},
number = {5},
pages = {904--914},
month = apr
}

@article{Nigg:2002bj,
author = {Nigg, Erich A},
title = {{Centrosome aberrations: cause or consequence of cancer progression?}},
journal = {Nature Reviews Cancer},
year = {2002},
volume = {2},
number = {11},
pages = {815--825},
month = nov
}

@article{Bornens:2002vc,
author = {Bornens, Michel},
title = {{Centrosome composition and microtubule anchoring mechanisms}},
journal = {Current Opinion in Cell Biology},
year = {2002},
volume = {14},
number = {1},
pages = {25--34},
month = feb
}

@article{Nigg:JONQsdEK,
author = {Nigg},
title = {{Centrosomes in Development and Disease}}
}

@article{Sakuno:2009bk,
author = {Sakuno, Takeshi and Tada, Kenji and Watanabe, Yoshinori},
title = {{Kinetochore geometry defined by cohesion within the centromere}},
journal = {Nature},
year = {2009},
volume = {458},
number = {7240},
pages = {852},
month = apr
}

@article{Pereira:2006hr,
author = {Pereira, Ana L and Pereira, Ant{\'o}nio J and Maia, Ana R R and Drabek, Ksenija and Sayas, C Laura and Hergert, Polla J and Lince-Faria, Mariana and Matos, Irina and Duque, Cristina and Stepanova, Tatiana and Rieder, Conly L and Earnshaw, William C and Galjart, Niels and Maiato, Helder},
title = {{Mammalian CLASP1 and CLASP2 cooperate to ensure mitotic fidelity by regulating spindle and kinetochore function.}},
journal = {Molecular Biology of the Cell},
year = {2006},
volume = {17},
number = {10},
pages = {4526--4542},
month = oct
}

@article{MimoriKiyosue:2006hn,
author = {Mimori-Kiyosue, Yuko and Grigoriev, Ilya and Sasaki, Hiroyuki and Matsui, Chiyuki and Akhmanova, Anna and Tsukita, Shoichiro and Vorobjev, Ivan},
title = {{Mammalian CLASPs are required for mitotic spindle organization and kinetochore alignment}},
journal = {Genes to cells : devoted to molecular {\&} cellular mechanisms},
year = {2006},
volume = {11},
number = {8},
pages = {845--857},
month = aug
}

@article{MimoriKiyosue:2005hj,
author = {Mimori-Kiyosue, Yuko and Grigoriev, Ilya and Lansbergen, Gideon and Sasaki, Hiroyuki and Matsui, Chiyuki and Severin, Fedor and Galjart, Niels and Grosveld, Frank and Vorobjev, Ivan and Tsukita, Shoichiro and Akhmanova, Anna},
title = {{CLASP1 and CLASP2 bind to EB1 and regulate microtubule plus-end dynamics at the cell cortex}},
journal = {The Journal of Cell Biology},
year = {2005},
volume = {168},
number = {1},
pages = {141--153},
month = jan
}

@article{Dumont:2009bw,
author = {Dumont, Sophie and Mitchison, Timothy J},
title = {{Force and length in the mitotic spindle.}},
journal = {Current biology : CB},
year = {2009},
volume = {19},
number = {17},
pages = {R749--61},
month = sep
}

@article{BoucksonCastaing:1996vp,
author = {Bouckson-Castaing, V and Moudjou, M and Ferguson, DJ and Mucklow, S and Belkaid, Y and Milon, G and Crocker, PR},
title = {{Molecular characterisation of ninein, a new coiled-coil protein of the centrosome}},
journal = {Journal of Cell Science},
year = {1996},
volume = {109},
number = {1},
pages = {179}
}

@article{Ou:2002ty,
author = {Ou, Young and Mack, Gary and Zhang, Meifeng and Rattner, Jerome},
title = {{CEP110 and ninein are located in a specific domain of the centrosome associated with centrosome maturation}},
journal = {Journal of Cell Science},
year = {2002},
volume = {115},
number = {9},
pages = {1825},
month = may
}

@article{Silva:2014jd,
author = {Silva, Victoria C and Cassimeris, Lynne},
title = {{CAMSAPs Add to the Growing Microtubule Minus-End Story.}},
journal = {Developmental Cell},
year = {2014},
volume = {28},
number = {3},
pages = {221--222},
month = feb
}

@article{Bouissou:2009tl,
author = {Bouissou, A and Verollet, C and Sousa, A and Sampaio, P},
title = {{{gamma}-Tubulin ring complexes regulate microtubule plus end dynamics}},
journal = {Journal of Cell Biology},
year = {2009}
}

@article{Karsenti:2008gh,
author = {Karsenti, Eric},
title = {{Self-organization in cell biology: a brief history}},
journal = {Nature Reviews Molecular Cell Biology},
year = {2008},
volume = {9},
number = {3},
pages = {255},
month = mar
}

@article{Tsou:2006fp,
author = {Tsou, Meng-Fu Bryan and Stearns, Tim},
title = {{Mechanism limiting centrosome duplication to once per cell cycle.}},
journal = {Nature},
year = {2006},
volume = {442},
number = {7105},
pages = {947--951},
month = aug
}

@article{Doxsey:1994wf,
author = {Doxsey, S J and Stein, P and Evans, L and Calarco, P D and Kirschner, M},
title = {{Pericentrin, a highly conserved centrosome protein involved in microtubule organization}},
journal = {Cell},
year = {1994},
volume = {76},
number = {4},
pages = {639--650},
month = feb
}

@article{Mogensen:2000vc,
author = {Mogensen, M M and Malik, A and Piel, M and Bouckson-Castaing, V and Bornens, M},
title = {{Microtubule minus-end anchorage at centrosomal and non-centrosomal sites: the role of ninein}},
journal = {Journal of Cell Science},
year = {2000},
volume = {113 ( Pt 17)},
pages = {3013--3023},
month = sep
}

@article{Yang:2008eh,
author = {Yang, Zhenye and Loncarek, Jadranka and Khodjakov, Alexey and Rieder, Conly L},
title = {{Extra centrosomes and/or chromosomes prolong mitosis in human cells}},
journal = {Nature Cell Biology},
year = {2008},
volume = {10},
number = {6},
pages = {748--751},
month = jun
}

@article{Joglekar:2010cu,
author = {Joglekar, Ajit P and Bloom, Kerry S and Salmon, ED},
title = {{Mechanisms of force generation by end-on kinetochore-microtubule attachments}},
journal = {Current Opinion in Cell Biology},
year = {2010},
volume = {22},
number = {1},
pages = {57--67},
month = feb
}

@article{Wittmann:2000gn,
author = {Wittmann, T and Wilm, M and Karsenti, E and Vernos, I},
title = {{TPX2, A novel xenopus MAP involved in spindle pole organization.}},
journal = {Journal of Cell Biology},
year = {2000},
volume = {149},
number = {7},
pages = {1405--1418},
month = jun
}

@article{Kops:2010ff,
author = {Kops, Geert J P L and Saurin, Adrian T and Meraldi, Patrick},
title = {{Finding the middle ground: how kinetochores power chromosome congression}},
journal = {Cellular and molecular life sciences : CMLS},
year = {2010},
month = mar
}

@article{deMedinaRedondo:2009vf,
author = {de Medina-Redondo, Mar{\'\i}a and Meraldi, Patrick},
title = {{A life outside kinetochores for Bub1 kinases?}},
journal = {Cell cycle (Georgetown, Tex)},
year = {2009},
volume = {8},
number = {20},
pages = {3250--3251},
month = oct
}

@article{Thoma:2009iv,
author = {Thoma, Claudio R and Toso, Alberto and Gutbrodt, Katrin L and Reggi, Sabina P and Frew, Ian J and Schraml, Peter and Hergovich, Alexander and Moch, Holger and Meraldi, Patrick and Krek, Wilhelm},
title = {{VHL loss causes spindle misorientation and chromosome instability}},
journal = {Nature Cell Biology},
year = {2009},
volume = {11},
number = {8},
pages = {994--1001},
month = aug
}

@article{Meraldi:2005he,
author = {Meraldi, Patrick and Sorger, Peter K},
title = {{A dual role for Bub1 in the spindle checkpoint and chromosome congression}},
journal = {The EMBO Journal},
year = {2005},
volume = {24},
number = {8},
pages = {1621--1633},
month = apr
}

@article{Meraldi:2002tf,
author = {Meraldi, P and Nigg, E A},
title = {{The centrosome cycle}},
journal = {FEBS letters},
year = {2002},
volume = {521},
number = {1-3},
pages = {9--13},
month = jun
}

@article{Amaro:2010cy,
author = {Amaro, Ana C and Samora, Catarina P and Holtackers, Ren{\'e} and Wang, Enxiu and Kingston, Isabel J and Alonso, Maria and Lampson, Michael and Mcainsh, Andrew D and Meraldi, Patrick},
title = {{Molecular control of kinetochore-microtubule dynamics and chromosome oscillations}},
journal = {Nature Cell Biology},
year = {2010},
volume = {12},
number = {4},
pages = {319--329},
month = apr
}

@article{Jaqaman:2010gg,
author = {Jaqaman, Khuloud and King, Emma M and Amaro, Ana C and Winter, Jennifer R and Dorn, Jonas F and Elliott, Hunter L and Mchedlishvili, Nunu and Mcclelland, Sarah E and Porter, Iain M and Posch, Markus and Toso, Alberto and Danuser, Gaudenz and Mcainsh, Andrew D and Meraldi, Patrick and Swedlow, Jason R},
title = {{Kinetochore alignment within the metaphase plate is regulated by centromere stiffness and microtubule depolymerases.}},
journal = {The Journal of Cell Biology},
year = {2010},
volume = {188},
number = {5},
pages = {665--679},
month = mar
}

@article{Amaro:2009vj,
author = {Amaro, Ana C and Meraldi, Patrick},
title = {{COMA puts Ipl1-Sli15 at  the right spot}},
journal = {Cell cycle (Georgetown, Tex)},
year = {2009},
volume = {8},
number = {16},
pages = {2487--2488},
month = aug
}

@article{Casenghi:2003vs,
author = {Casenghi, Martina and Meraldi, Patrick and Weinhart, Ulrike and Duncan, Peter I and K{\"o}rner, Roman and Nigg, Erich A},
title = {{Polo-like kinase 1 regulates Nlp, a centrosome protein involved in microtubule nucleation.}},
journal = {Developmental Cell},
year = {2003},
volume = {5},
number = {1},
pages = {113--125},
month = jul
}

@article{Meraldi:2002ud,
author = {Meraldi, Patrick and Honda, Reiko and Nigg, Erich A},
title = {{Aurora-A overexpression reveals tetraploidization as a major route to centrosome amplification in p53-/- cells}},
journal = {The EMBO Journal},
year = {2002},
volume = {21},
number = {4},
pages = {483--492},
month = feb
}

@article{Meraldi:2001ut,
author = {Meraldi, P and Nigg, E A},
title = {{Centrosome cohesion is regulated by a balance of kinase and phosphatase activities}},
journal = {Journal of Cell Science},
year = {2001},
volume = {114},
number = {Pt 20},
pages = {3749--3757},
month = oct
}

@article{Curry:2009vw,
author = {Curry, Jayne and Angove, Hayley and Fazal, Lynsey and Lyons, John and Reule, Matthias and Thompson, Neil and Wallis, Nicola},
title = {{Aurora B kinase inhibition in mitosis: strategies for optimising the use of aurora kinase inhibitors such as AT9283}},
journal = {Cell cycle (Georgetown, Tex)},
year = {2009},
volume = {8},
number = {12},
pages = {1921--1929},
month = jun
}

@article{Wang:2009gb,
author = {Wang, Xiaoqun and Tsai, Jin-Wu and Imai, Janice H and Lian, Wei-Nan and Vallee, Richard B and Shi, Song-Hai},
title = {{Asymmetric centrosome inheritance maintains neural progenitors in the neocortex.}},
journal = {Nature},
year = {2009},
volume = {461},
number = {7266},
pages = {947--955},
month = oct
}

@article{Young:2000vd,
author = {Young, A and Dictenberg, J B and Purohit, A and Tuft, R and Doxsey, S J},
title = {{Cytoplasmic dynein-mediated assembly of pericentrin and gamma tubulin onto centrosomes}},
journal = {Molecular Biology of the Cell},
year = {2000},
volume = {11},
number = {6},
pages = {2047--+},
month = jun
}

@article{Liu:2008di,
author = {Liu, Jian and Desai, Arshad and Onuchic, Jos{\'e} N and Hwa, Terence},
title = {{An integrated mechanobiochemical feedback mechanism describes chromosome motility from prometaphase to anaphase in mitosis}},
journal = {Proceedings of the National Academy of Sciences of the United States of America},
year = {2008},
volume = {105},
number = {37},
pages = {13752--13757},
month = sep
}

@article{McIntosh:2008ex,
author = {McIntosh, J Richard and Grishchuk, Ekaterina L and Morphew, Mary K and Efremov, Artem K and Zhudenkov, Kirill and Volkov, Vladimir A and Cheeseman, Iain M and Desai, Arshad and Mastronarde, David N and Ataullakhanov, Fazly I},
title = {{Fibrils connect microtubule tips with kinetochores: a mechanism to couple tubulin dynamics to chromosome motion}},
journal = {Cell},
year = {2008},
volume = {135},
number = {2},
pages = {322--333},
month = oct
}

@article{Mcainsh:2011ho,
author = {Mcainsh, Andrew D and Meraldi, Patrick},
title = {{The CCAN complex: linking centromere specification to control of kinetochore-microtubule dynamics.}},
journal = {Seminars in cell {\&} developmental biology},
year = {2011},
volume = {22},
number = {9},
pages = {946--952},
month = dec
}

@article{Wittmann:2001go,
author = {Wittmann, Torsten and Hyman, Anthony and Desai, Arshad},
title = {{The spindle: a dynamic assembly of microtubules and motors}},
journal = {Nature Cell Biology},
year = {2001},
volume = {3},
number = {1},
pages = {E28}
}

@article{Desai:2010ew,
author = {Desai, Arshad and Dogterom, Marileen},
title = {{Cell structure and dynamics}},
journal = {Current Opinion in Cell Biology},
year = {2010},
volume = {22},
number = {1},
pages = {1--3},
month = feb
}

@article{Maia:2010fo,
author = {Maia, Andr{\'e} F and Feij{\~a}o, T{\'a}lia and Vromans, Martijn J M and Sunkel, Claudio E and Lens, Susanne M A},
title = {{Aurora B kinase cooperates with CENP-E to promote timely anaphase onset}},
journal = {Chromosoma},
year = {2010},
month = mar
}

@article{Bader:2010ki,
author = {Bader, Jason R and Vaughan, Kevin T},
title = {{Dynein at the kinetochore: Timing, Interactions and Functions}},
journal = {Seminars in cell {\&} developmental biology},
year = {2010},
volume = {21},
number = {3},
pages = {269--275},
month = may
}

@article{Maresca:2010fk,
author = {Maresca, Thomas J and Salmon, E D},
title = {{Welcome to a new kind of tension: translating kinetochore mechanics into a wait-anaphase signal}},
journal = {Journal of Cell Science},
year = {2010},
volume = {123},
number = {Pt 6},
pages = {825--835},
month = mar
}

@article{Cabernard:2007fa,
author = {Cabernard, Clemens and Doe, Chris Q},
title = {{Stem cell self-renewal: centrosomes on the move}},
journal = {Current biology : CB},
year = {2007},
volume = {17},
number = {12},
pages = {R465--7},
month = jun
}

@article{Rebollo:2007bs,
author = {Rebollo, Elena and Sampaio, Paula and Januschke, Jens and Llamazares, Salud and Varmark, Hanne and Gonz{\'a}lez, Cayetano},
title = {{Functionally unequal centrosomes drive spindle orientation in asymmetrically dividing Drosophila neural stem cells}},
journal = {Developmental Cell},
year = {2007},
volume = {12},
number = {3},
pages = {467--474},
month = mar
}

@article{Yamashita:2008km,
author = {Yamashita, Yukiko M and Fuller, Margaret T},
title = {{Asymmetric centrosome behavior and the mechanisms of stem cell division}},
journal = {The Journal of Cell Biology},
year = {2008},
volume = {180},
number = {2},
pages = {261--266},
month = jan
}

@article{Rusan:2007ju,
author = {Rusan, Nasser M and Peifer, Mark},
title = {{A role for a novel centrosome cycle in asymmetric cell division}},
journal = {The Journal of Cell Biology},
year = {2007},
volume = {177},
number = {1},
pages = {13--20},
month = apr
}

@article{Yamashita:2009wl,
author = {Yamashita, Yukiko M},
title = {{The centrosome and asymmetric cell division}},
journal = {Prion},
year = {2009},
volume = {3},
number = {2},
pages = {84--88},
month = apr
}

@article{Delattre:2004ju,
author = {Delattre, Marie and G{\"o}nczy, Pierre},
title = {{The arithmetic of centrosome biogenesis}},
journal = {Journal of Cell Science},
year = {2004},
volume = {117},
number = {Pt 9},
pages = {1619--1630},
month = apr
}

@article{Yamashita:2007eb,
author = {Yamashita, Yukiko M and Mahowald, Anthony P and Perlin, Julie R and Fuller, Margaret T},
title = {{Asymmetric inheritance of mother versus daughter centrosome in stem cell division}},
journal = {Science (New York, NY)},
year = {2007},
volume = {315},
number = {5811},
pages = {518--521},
month = jan
}

@article{Kirkham:2003wd,
author = {Kirkham, Matthew and M{\"u}ller-Reichert, Thomas and Oegema, Karen and Grill, Stephan and Hyman, Anthony A},
title = {{SAS-4 is a C. elegans centriolar protein that controls centrosome size.}},
journal = {Cell},
year = {2003},
volume = {112},
number = {4},
pages = {575--587},
month = feb
}

@article{Cannon:1923wy,
author = {Cannon, HG},
title = {{On the nature of the centrosomal force}},
journal = {Journal of Genetics},
year = {1923},
volume = {13},
number = {1},
pages = {47--78}
}

@article{Nebel:1939uu,
author = {Nebel, B},
title = {{Chromosome structure}},
journal = {The Botanical Review},
year = {1939}
}

@article{Anonymous:DrMlrq26,
title = {{ScienceDirect - Journal of Ultrastructure Research : The ultrastructure and spatial organization of the metaphase kinetochore in mitotic rat cells}}
}

@article{Kunda:2009ic,
author = {Kunda, Patricia and Baum, Buzz},
title = {{The actin cytoskeleton in spindle assembly and positioning}},
journal = {Trends in Cell Biology},
year = {2009},
volume = {19},
number = {4},
pages = {174--179},
month = apr
}

@article{Bezanilla:2009fk,
author = {Bezanilla, Magdalena and Wadsworth, Pat},
title = {{Spindle positioning: actin mediates pushing and pulling}},
journal = {Current biology : CB},
year = {2009},
volume = {19},
number = {4},
pages = {R168--9},
month = feb
}

@article{Sardon:2009tj,
author = {Sardon, T and Cottin, T and Xu, J and Giannis, A and Vernos, I},
title = {{Development and biological evaluation of a novel Aurora A kinase inhibitor}},
journal = {ChemBioChem},
year = {2009}
}

@article{Girdler:2006vl,
author = {Girdler, F and Gascoigne, K and Eyers, P},
title = {{Validating Aurora B as an anti-cancer drug target}},
journal = {Journal of Cell {\ldots}},
year = {2006}
}

@article{Ditchfield:2003wv,
author = {Ditchfield, C and Johnson, VL and Tighe, A and Ellston, R and Haworth, C and Johnson, T and Mortlock, A and Keen, N and Taylor, SS},
title = {{Aurora B couples chromosome alignment with anaphase by targeting BubR1, Mad2, and Cenp-E to kinetochores}},
journal = {Journal of Cell Biology},
year = {2003},
volume = {161},
number = {2},
pages = {267}
}

@article{Cheeseman:2006kl,
author = {Cheeseman, Iain M and Chappie, Joshua S and Wilson-Kubalek, Elizabeth M and Desai, Arshad},
title = {{The conserved KMN network constitutes the core microtubule-binding site of the kinetochore.}},
journal = {Cell},
year = {2006},
volume = {127},
number = {5},
pages = {983--997},
month = dec
}

@article{Andrews:2004wv,
author = {Andrews, Paul D and Ovechkina, Yulia and Morrice, Nick and Wagenbach, Michael and Duncan, Karen and Wordeman, Linda and Swedlow, Jason R},
title = {{Aurora B regulates MCAK at the mitotic centromere}},
journal = {Developmental Cell},
year = {2004},
volume = {6},
number = {2},
pages = {253--268},
month = feb
}

@article{PerezDeCastro:2007hn,
author = {Perez De Castro, Ignacio and De Carcer, Guillermo and Malumbres, Marcos},
title = {{A census of mitotic cancer genes: new insights into tumor cell biology and cancer therapy}},
journal = {Carcinogenesis},
year = {2007},
volume = {28},
number = {5},
pages = {899--912},
month = may
}

@article{Sivakumar:2014gw,
author = {Sivakumar, Sushama and Daum, John R and Tipton, Aaron R and Rankin, Susannah and Gorbsky, Gary J},
title = {{The spindle and kinetochore-associated (Ska) complex enhances binding of the anaphase-promoting complex/cyclosome (APC/C) to chromosomes and promotes mitotic exit.}},
journal = {Molecular Biology of the Cell},
year = {2014},
volume = {25},
number = {5},
pages = {594--605},
month = mar
}

@article{Anonymous:Jz4OgxnP,
title = {{Cell - Anchorage of Microtubule Minus Ends to Adherens Junctions Regulates Epithelial Cell-Cell Contacts}}
}

@article{Stehbens:2006cg,
author = {Stehbens, Samantha and Paterson, Andrew and Crampton, Matthew and Shewan, Annette and Ferguson, Charles and Akhmanova, Anna and Parton, Robert and Yap, Alpha},
title = {{Dynamic microtubules regulate the local concentration of E-cadherin at cell-cell contacts}},
journal = {Journal of Cell Science},
year = {2006},
volume = {119},
number = {9},
pages = {1801},
month = may
}

@article{Chausovsky:2000fn,
author = {Chausovsky, Alexander and Bershadsky, Alexander D and Borisy, Gary G},
title = {{Cadherin-mediated regulation of microtubule dynamics}},
journal = {Nature Cell Biology},
year = {2000},
volume = {2},
number = {11},
pages = {797},
month = oct
}

@article{DenElzen:2009kx,
author = {Den Elzen, Nicole and Buttery, Carmen V and Maddugoda, Madhavi P and Ren, Gang and Yap, Alpha S},
title = {{Cadherin Adhesion Receptors Orient the Mitotic Spindle during Symmetric Cell Division in Mammalian Epithelia}},
year = {2009},
volume = {20},
number = {16},
pages = {3740},
month = aug
}

@article{Beamish:2009iz,
author = {Beamish, Heather and de Boer, Leonore and Giles, Nichole and Stevens, Frankie and Oakes, Vanessa and Gabrielli, Brian},
title = {{Cyclin A/cdk2 regulates adenomatous polyposis coli-dependent mitotic spindle anchoring}},
journal = {The Journal of biological chemistry},
year = {2009},
volume = {284},
number = {42},
pages = {29015--29023},
month = oct
}

@article{Langford:2006kc,
author = {Langford, Kelly J and Askham, Jon M and Lee, Tracy and Adams, Matthew and Morrison, Ewan E},
title = {{Examination of actin and microtubule dependent APC localisations in living mammalian cells}},
journal = {BMC cell biology},
year = {2006},
volume = {7},
pages = {3}
}

@article{Allan:2001jv,
author = {Allan, V and N{\"a}thke, I S},
title = {{Catch and pull a microtubule: getting a grasp on the cortex}},
journal = {Nature Cell Biology},
year = {2001},
volume = {3},
number = {10},
pages = {E226--8},
month = oct
}

@article{CunhaFerreira:2009fq,
author = {Cunha-Ferreira, In{\^e}s and Bento, In{\^e}s and Bettencourt-Dias, M{\'o}nica},
title = {{From zero to many: control of centriole number in development and disease}},
journal = {Traffic (Copenhagen, Denmark)},
year = {2009},
volume = {10},
number = {5},
pages = {482--498},
month = may
}

@article{Debec:2010if,
author = {Debec, Alain and Sullivan, William and Bettencourt-Dias, Monica},
title = {{Centrioles: active players or passengers during mitosis?}},
journal = {Cellular and molecular life sciences : CMLS},
year = {2010},
volume = {67},
number = {13},
pages = {2173--2194},
month = jul
}

@article{Greenan:2010tw,
author = {Greenan, Garrett and Brangwynne, Clifford P and Jaensch, Steffen and Gharakhani, J{\"o}bin and J{\"u}licher, Frank and Hyman, Anthony A},
title = {{Centrosome size sets mitotic spindle length in Caenorhabditis elegans embryos}},
journal = {Current Biology},
year = {2010},
volume = {20},
number = {4},
pages = {353--358}
}

@article{Abad:2014hn,
author = {Abad, Maria Alba and Medina, Bethan and Santamaria, Anna and Zou, Juan and Plasberg-Hill, Carla and Madhumalar, Arumugam and Jayachandran, Uma and Redli, Patrick Marc and Rappsilber, Juri and Nigg, Erich A and Jeyaprakash, A Arockia},
title = {{Structural basis for microtubule recognition by the human kinetochore Ska complex.}},
journal = {Nature Communications},
year = {2014},
volume = {5},
pages = {2964},
month = jan
}

@article{Mogilner:2006wm,
author = {Mogilner, A and Wollman, R and Civelekoglu-Scholey, G and Scholey, J},
title = {{Modeling mitosis}},
journal = {Trends in Cell Biology},
year = {2006},
volume = {16},
number = {2},
pages = {88--96}
}

@article{Wordeman:2010tz,
author = {Wordeman, L},
title = {{How kinesin motor proteins drive mitotic spindle function: Lessons from molecular assays}},
journal = {Seminars in cell {\&} developmental biology},
year = {2010}
}

@article{Zhang:2012gr,
author = {Zhang, Gang and Kelstrup, Christian D and Hu, Xiao-Wen and Kaas Hansen, Mathilde J and Singleton, Martin R and Olsen, Jesper V and Nilsson, Jakob},
title = {{The Ndc80 internal loop is required for recruitment of the Ska complex to establish end-on microtubule attachment to kinetochores.}},
journal = {Journal of Cell Science},
year = {2012},
volume = {125},
number = {Pt 13},
pages = {3243--3253},
month = jul
}

@article{Meraldi:2004wy,
author = {Meraldi, P and Honda, R and Nigg, E},
title = {{Aurora kinases link chromosome segregation and cell division to cancer susceptibility}},
journal = {Current opinion in genetics {\&} development},
year = {2004}
}

@article{Santaguida:2010ur,
author = {Santaguida, S and Tighe, A and D'Alise, A},
title = {{Dissecting the role of MPS1 in chromosome biorientation and the spindle checkpoint through the small molecule inhibitor reversine}},
journal = {The Journal of Cell {\ldots}},
year = {2010}
}

@article{Morrow:2005ww,
author = {Morrow, C and Tighe, A and Johnson, V and Scott, M},
title = {{Bub1 and aurora B cooperate to maintain BubR1-mediated inhibition of APC/CCdc20}},
journal = {Journal of Cell {\ldots}},
year = {2005}
}

@article{Emanuele:2008vg,
author = {Emanuele, M and Lan, W and Jwa, M and Miller, S},
title = {{Aurora B kinase and protein phosphatase 1 have opposing roles in modulating kinetochore assembly}},
journal = {The Journal of Cell {\ldots}},
year = {2008}
}

@article{Chan:2012fu,
author = {Chan, Ying Wai and Jeyaprakash, A Arockia and Nigg, Erich A and Santamaria, Anna},
title = {{Aurora B controls kinetochore-microtubule attachments by inhibiting Ska complex-KMN network interaction.}},
journal = {The Journal of Cell Biology},
year = {2012},
volume = {196},
number = {5},
pages = {563--571},
month = mar
}

@article{Lampson:2004ut,
author = {Lampson, M and Renduchitala, K and Khodjakov, A},
title = {{Correcting improper chromosome--spindle attachments during cell division}},
journal = {Nature cell {\ldots}},
year = {2004}
}

@article{Cochran:2005vt,
author = {Cochran, J and Gatial, J and Kapoor, T},
title = {{Monastrol inhibition of the mitotic kinesin Eg5}},
journal = {Journal of Biological {\ldots}},
year = {2005}
}

@article{Caldas:2013kw,
author = {Caldas, G V and DeLuca, K F and DeLuca, J G},
title = {{KNL1 facilitates phosphorylation of outer kinetochore proteins by promoting Aurora B kinase activity}},
journal = {The Journal of Cell Biology},
year = {2013},
volume = {203},
number = {6},
pages = {957--969},
month = dec
}

@article{Hewitt:2010hq,
author = {Hewitt, Laura and Tighe, Anthony and Santaguida, Stefano and White, Anne M and Jones, Clifford D and Musacchio, Andrea and Green, Stephen and Taylor, Stephen S},
title = {{Sustained Mps1 activity is required in mitosis to recruit O-Mad2 to the Mad1-C-Mad2 core complex.}},
journal = {The Journal of Cell Biology},
year = {2010},
volume = {190},
number = {1},
pages = {25--34},
month = jul
}

@article{Anonymous:OvxYLYz4,
title = {{Mps1 directs the assembly of Cdc20 inhibitory complexes during interphase and mitosis to control M phase timing and spindle checkpoint signaling --- JCB}}
}

@article{Hays:1982tf,
author = {Hays, T S and Wise, D and Salmon, E D},
title = {{Traction force on a kinetochore at metaphase acts as a linear function of kinetochore fiber length}},
journal = {The Journal of Cell Biology},
year = {1982},
volume = {93},
number = {2},
pages = {374--389},
month = may
}

@article{Gatlin:2010ce,
author = {Gatlin, Jesse C and Matov, Alexandre and Danuser, Gaudenz and Mitchison, Timothy J and Salmon, Edward D},
title = {{Directly probing the mechanical properties of the spindle and its matrix}},
journal = {The Journal of Cell Biology},
year = {2010},
volume = {188},
number = {4},
pages = {481--489},
month = feb
}

@article{Griffis:2007go,
author = {Griffis, Eric R and Stuurman, Nico and Vale, Ronald D},
title = {{Spindly, a novel protein essential for silencing the spindle assembly checkpoint, recruits dynein to the kinetochore.}},
journal = {Journal of Cell Biology},
year = {2007},
volume = {177},
number = {6},
pages = {1005--1015},
month = jun
}

@article{Gough:2010ch,
author = {Gough, Nancy R and Wong, Wei},
title = {{Focus issue: the evolution of complexity}},
journal = {Science signaling},
year = {2010},
volume = {3},
number = {128},
pages = {eg5}
}

@article{Alberts:2004dz,
author = {Alberts, Bruce},
title = {{A wake-up call}},
journal = {Nature},
year = {2004},
volume = {431},
number = {7012},
pages = {1041},
month = oct
}

@article{Paweletz:2001fp,
author = {Paweletz, Neidhard},
title = {{Walther Flemming: pioneer of mitosis research}},
journal = {Nature Reviews Molecular Cell Biology},
year = {2001},
volume = {2},
number = {1},
pages = {72}
}

@article{Kline:2006cs,
author = {Kline, Susan L and Cheeseman, Iain M and Hori, Tetsuya and Fukagawa, Tatsuo and Desai, Arshad},
title = {{The human Mis12 complex is required for kinetochore assembly and proper chromosome segregation.}},
journal = {Journal of Cell Biology},
year = {2006},
volume = {173},
number = {1},
pages = {9--17},
month = apr
}

@article{Anonymous:HHIM3Pfl,
title = {{Cell - The Protein Composition of Mitotic Chromosomes Determined Using Multiclassifier Combinatorial Proteomics}}
}

@article{Schmidt:2012et,
author = {Schmidt, Jens C and Arthanari, Haribabu and Boeszoermenyi, Andras and Dashkevich, Natalia M and Wilson-Kubalek, Elizabeth M and Monnier, Nilah and Markus, Michelle and Oberer, Monika and Milligan, Ron A and Bathe, Mark and Wagner, Gerhard and Grishchuk, Ekaterina L and Cheeseman, Iain M},
title = {{The kinetochore-bound Ska1 complex tracks depolymerizing microtubules and binds to curved protofilaments.}},
journal = {Developmental Cell},
year = {2012},
volume = {23},
number = {5},
pages = {968--980},
month = nov
}

@article{Khodjakov:2009ev,
author = {Khodjakov, Alexey and Rieder, Conly L},
title = {{The nature of cell-cycle checkpoints: facts and fallacies}},
journal = {Journal of biology},
year = {2009},
volume = {8},
number = {10},
pages = {88}
}

@article{Walczak:2010uk,
author = {Walczak, CE and Cai, S and Khodjakov, A},
title = {{Mechanisms of chromosome behaviour during mitosis}},
journal = {Nature Reviews Molecular Cell Biology},
year = {2010},
volume = {11},
number = {2},
pages = {91--102}
}

@article{Paoletti:1996ur,
author = {Paoletti, A and Moudjou, M and Paintrand, M and Salisbury, JL and Bornens, M},
title = {{Most of centrin in animal cells is not centrosome-associated and centrosomal centrin is confined to the distal lumen of centrioles}},
journal = {Journal of Cell Science},
year = {1996},
volume = {109},
number = {13},
pages = {3089},
month = dec
}

@article{Acilan:2008wz,
author = {Acilan, C and Saunders, WS},
title = {{A tale of too many centrosomes}},
journal = {Cell},
year = {2008},
volume = {134},
number = {4},
pages = {572--575}
}

@article{Renshaw:2010bd,
author = {Renshaw, Matthew J and Ward, Jonathan J and Kanemaki, Masato and Natsume, Kayo and N{\'e}d{\'e}lec, Fran{\c c}ois J and Tanaka, Tomoyuki U},
title = {{Condensins promote chromosome recoiling during early anaphase to complete sister chromatid separation}},
journal = {Developmental Cell},
year = {2010},
volume = {19},
number = {2},
pages = {232--244},
month = aug
}

@inproceedings{Ward:2010ge,
author = {Ward, Jonathan J and N{\'e}d{\'e}lec, Francois J},
title = {{Computational cell biology at the home of the helix}},
booktitle = {EMBO reports},
year = {2010},
pages = {413--415},
organization = {European Molecular Biology Laboratory, Heidelberg, Germany.},
month = jun
}

@article{Dinarina:2009ga,
author = {Dinarina, Ana and Pugieux, C{\'e}line and Corral, Maria Mora and Loose, Martin and Spatz, Joachim and Karsenti, Eric and N{\'e}d{\'e}lec, Fran{\c c}ois},
title = {{Chromatin shapes the mitotic spindle}},
journal = {Cell},
year = {2009},
volume = {138},
number = {3},
pages = {502--513},
month = aug
}

@article{Brun:2009ft,
author = {Brun, Ludovic and Rupp, Beat and Ward, Jonathan J and N{\'e}d{\'e}lec, Fran{\c c}ois},
title = {{A theory of microtubule catastrophes and their regulation}},
journal = {Proceedings of the National Academy of Sciences of the United States of America},
year = {2009},
volume = {106},
number = {50},
pages = {21173--21178},
month = dec
}

@article{Pinot:2009kj,
author = {Pinot, M and Chesnel, F and Kubiak, J Z and Arnal, I and Nedelec, F J and Gueroui, Z},
title = {{Effects of confinement on the self-organization of microtubules and motors}},
journal = {Current biology : CB},
year = {2009},
volume = {19},
number = {11},
pages = {954--960},
month = jun
}

@article{Foethke:2009kt,
author = {Foethke, Dietrich and Makushok, Tatyana and Brunner, Damian and N{\'e}d{\'e}lec, Fran{\c c}ois},
title = {{Force- and length-dependent catastrophe activities explain interphase microtubule organization in fission yeast}},
journal = {Molecular systems biology},
year = {2009},
volume = {5},
pages = {241}
}

@article{Athale:2008gt,
author = {Athale, Chaitanya A and Dinarina, Ana and Mora-Coral, Maria and Pugieux, C{\'e}line and Nedelec, Francois and Karsenti, Eric},
title = {{Regulation of microtubule dynamics by reaction cascades around chromosomes}},
journal = {Science (New York, NY)},
year = {2008},
volume = {322},
number = {5905},
pages = {1243--1247},
month = nov
}

@article{Channels:2008io,
author = {Channels, Wilbur E and N{\'e}d{\'e}lec, Fran{\c c}ois J and Zheng, Yixian and Iglesias, Pablo A},
title = {{Spatial regulation improves antiparallel microtubule overlap during mitotic spindle assembly}},
journal = {Biophysical journal},
year = {2008},
volume = {94},
number = {7},
pages = {2598--2609},
month = apr
}

@article{Kozlowski:2007by,
author = {Kozlowski, Cleopatra and Srayko, Martin and Nedelec, Francois},
title = {{Cortical microtubule contacts position the spindle in C. elegans embryos}},
journal = {Cell},
year = {2007},
volume = {129},
number = {3},
pages = {499--510},
month = may
}

@article{Karsenti:2006jw,
author = {Karsenti, Eric and N{\'e}d{\'e}lec, Fran{\c c}ois and Surrey, Thomas},
title = {{Modelling microtubule patterns}},
journal = {Nature Cell Biology},
year = {2006},
volume = {8},
number = {11},
pages = {1204--1211},
month = nov
}

@article{Goshima:2005ek,
author = {Goshima, Gohta and Nedelec, Francois and Vale, Ronald D},
title = {{Mechanisms for focusing mitotic spindle poles by minus end-directed motor proteins.}},
journal = {Journal of Cell Biology},
year = {2005},
volume = {171},
number = {2},
pages = {229--240},
month = oct
}

@article{Nedelec:1997jk,
author = {N{\'e}d{\'e}lec, F J and Surrey, T and Maggs, A C and Leibler, S},
title = {{Self-organization of microtubules and motors}},
journal = {Nature},
year = {1997},
volume = {389},
number = {6648},
pages = {305--308},
month = sep
}

@article{Strnad:2007vk,
author = {Strnad, P and Leidel, S and Vinogradova, T and Euteneuer, U and Khodjakov, A and G{\"o}nczy, P},
title = {{Regulated HsSAS-6 levels ensure formation of a single procentriole per centriole during the centrosome duplication cycle}},
journal = {Developmental Cell},
year = {2007},
volume = {13},
number = {2},
pages = {203--213}
}

@article{Anonymous:B7Fi3dmh,
title = {{SpringerLink - Fulltext}}
}

@article{Reymann:2010kc,
author = {Reymann, Anne-C{\'e}cile and Martiel, Jean-Louis and Cambier, Th{\'e}o and Blanchoin, Laurent and Boujemaa-Paterski, Rajaa and Th{\'e}ry, Manuel},
title = {{Nucleation geometry governs ordered actin networks structures}},
journal = {Nature materials},
year = {2010},
month = sep
}

@article{AMTURING:1952vn,
author = {AM TURING, FRS},
title = {{THE CHEMICAL BASIS OF MORPHOGENESIS}},
journal = {Sciences},
year = {1952},
volume = {237},
number = {641},
pages = {37--72}
}

@article{Yao:1997ut,
author = {Yao, X and Anderson, K L and Cleveland, D W},
title = {{The microtubule-dependent motor centromere-associated protein E (CENP-E) is an integral component of kinetochore corona fibers that link centromeres to spindle microtubules.}},
journal = {Journal of Cell Biology},
year = {1997},
volume = {139},
number = {2},
pages = {435--447},
month = oct
}

@article{Airoldi:2007va,
author = {Airoldi, EM},
title = {{Getting started in probabilistic graphical models}},
journal = {PLoS Computational Biology},
year = {2007},
volume = {3},
number = {12}
}

@article{Reymann:2010gp,
author = {Reymann, Anne-C{\'e}cile and Martiel, Jean-Louis and Cambier, Th{\'e}o and Blanchoin, Laurent and Boujemaa-Paterski, Rajaa and Th{\'e}ry, Manuel},
title = {{Nucleation geometry governs ordered actin networks structures}},
journal = {Nature materials},
year = {2010},
volume = {9},
number = {10},
pages = {827},
month = sep
}

@article{Nolen:2009dr,
author = {Nolen, B J and Tomasevic, N and Russell, A and Pierce, D W and Jia, Z and Mccormick, C D and Hartman, J and Sakowicz, R and Pollard, T D},
title = {{Characterization of two classes of small molecule inhibitors of Arp2/3 complex}},
journal = {Nature},
year = {2009},
volume = {460},
number = {7258},
pages = {1031},
month = aug
}

@article{Anonymous:c8ryQVSE,
title = {{Collective Langevin dynamics of flexible cytoskeletal fibers}}
}

@article{Rogers:2005fo,
author = {Rogers, Gregory and Rogers, Stephen and Sharp, David},
title = {{Spindle microtubules in flux}},
journal = {Journal of Cell Science},
year = {2005},
volume = {118},
number = {6},
pages = {1105},
month = mar
}

@article{Azimzadeh:2010ue,
author = {Azimzadeh, J and Marshall, WF},
title = {{Building the Centriole}},
journal = {Current Biology},
year = {2010},
volume = {20},
number = {18},
pages = {R816--R825}
}

@article{Anonymous:CzZHGwTW,
title = {{Investigating mitotic spindle assembly and function in vitro using Xenopus laevis egg extracts : Article : Nature Protocols}}
}

@article{Anonymous:4WlnFjlo,
title = {{PLoS ONE: Rheological Characterization of the Bundling Transition in F-Actin Solutions Induced by Methylcellulose}}
}

@article{Khodjakov:2010br,
author = {Khodjakov, Alexey and Pines, Jonathon},
title = {{Centromere tension: a divisive issue}},
journal = {Nature Cell Biology},
year = {2010},
volume = {12},
number = {10},
pages = {919},
month = oct
}

@article{Fuse:2003wy,
author = {Fuse, N and Hisata, K and Katzen, A and Matsuzaki, F},
title = {{Heterotrimeric G proteins regulate daughter cell size asymmetry in Drosophila neuroblast divisions}},
journal = {Current Biology},
year = {2003}
}

@article{Anonymous:Zykz_RBJ,
title = {{Sds22 regulates aurora B activity and microtubule--kinetochore interactions at mitosis --- JCB}}
}

@article{Anonymous:GSwlno1S,
title = {{Simple and rapid process for single cell micro-patterning - Lab on a Chip (RSC Publishing)}}
}

@article{Mahjoub:2010uo,
author = {Mahjoub, M and Xie, Z and Stearns, T},
title = {{Cep120 is asymmetrically localized to the daughter centriole and is essential for centriole assembly}},
journal = {The Journal of Cell Biology},
year = {2010}
}

@article{Nigg:2007vw,
author = {Nigg, EA},
title = {{Centrosome duplication: of rules and licenses}},
journal = {Trends in Cell Biology},
year = {2007},
volume = {17},
number = {5},
pages = {215--221}
}

@article{Sillibourne:2010fr,
author = {Sillibourne, James E and Bornens, Michel},
title = {{Polo-like kinase 4: the odd one out of the family}},
journal = {Cell Division},
year = {2010},
volume = {5},
pages = {25}
}

@article{Holland:2010wt,
author = {Holland, AJ and Lan, W and Niessen, S and Hoover, H and Cleveland, DW},
title = {{Polo-like kinase 4 kinase activity limits centrosome overduplication by autoregulating its own stability}},
journal = {The Journal of Cell Biology},
year = {2010},
volume = {188},
number = {2},
pages = {191}
}

@article{Holland:2010vd,
author = {Holland, Andrew J and Lan, Weijie and Cleveland, Don W},
title = {{Centriole duplication: A lesson in self-control.}},
journal = {Cell cycle (Georgetown, Tex)},
year = {2010},
volume = {9},
number = {14},
pages = {2731--2736},
month = jul
}

@article{Sillibourne:2010fz,
author = {Sillibourne, James E and Tack, Frederik and Vloemans, Nele and Boeckx, An and Thambirajah, Sathiesan and Bonnet, Pascal and Ramaekers, Frans C S and Bornens, Michel and Grand-Perret, Thierry},
title = {{Autophosphorylation of Polo-like Kinase 4 and Its Role in Centriole Duplication}},
journal = {Molecular Biology of the Cell},
year = {2010},
volume = {21},
number = {4},
pages = {547},
month = feb
}

@article{Rosario:2010hl,
author = {Rosario, Carla O and Ko, Michael A and Haffani, Yosr Z and Gladdy, Rebecca A and Paderova, Jana and Pollett, Aaron and Squire, Jeremy A and Dennis, James W and Swallow, Carol J},
title = {{Plk4 is required for cytokinesis and maintenance of chromosomal stability}},
journal = {Proceedings of the National Academy of Sciences of the United States of America},
year = {2010},
volume = {107},
number = {15},
pages = {6888--6893},
month = apr
}

@article{CarvalhoSantos:2010we,
author = {Carvalho-Santos, Z and Machado, P and Branco, P and Tavares-Cadete, F and Rodrigues-Martins, A and Pereira-Leal, JB and Bettencourt-Dias, M},
title = {{Stepwise evolution of the centriole-assembly pathway}},
journal = {Journal of Cell Science},
year = {2010},
volume = {123},
pages = {1414--1426}
}

@article{Gonczy:2005ff,
author = {G{\"o}nczy, Pierre and Rose, Lesilee S},
title = {{Asymmetric cell division and axis formation in the embryo}},
journal = {WormBook : the online review of C elegans biology},
year = {2005},
pages = {1--20}
}

@article{TokaiNishizumi:gh,
author = {Tokai-Nishizumi, Noriko and Ohsugi, Miho and Suzuki, Emiko and Yamamoto, Tadashi},
title = {{The Chromokinesin Kid Is Required for Maintenance of Proper Metaphase Spindle Size}},
journal = {Molecular Biology of the Cell},
volume = {16},
number = {11},
pages = {5455}
}

@article{Wolf:2006kp,
author = {Wolf, Frank and Wandke, Cornelia and Isenberg, Nina and Geley, Stephan},
title = {{Dose-dependent effects of stable cyclin B1 on progression through mitosis in human cells}},
journal = {The EMBO Journal},
year = {2006},
volume = {25},
number = {12},
pages = {2802},
month = may
}

@article{Fourniol:2010gu,
author = {Fourniol, Franck J and Sindelar, Charles V and Amigues, B{\'e}atrice and Clare, Daniel K and Thomas, Geraint and Perderiset, Myl{\`e}ne and Francis, Fiona and Houdusse, Anne and Moores, Carolyn A},
title = {{Template-free 13-protofilament microtubule-MAP assembly visualized at 8 A resolution}},
journal = {The Journal of Cell Biology},
year = {2010},
volume = {191},
number = {3},
pages = {463--470},
month = nov
}

@article{Olson:2010hy,
author = {Olson, J E and Wang, X and Pankratz, V S and Fredericksen, Z S and Vachon, C M and Vierkant, R A and Cerhan, J R and Couch, F J},
title = {{Centrosome-related genes, genetic variation, and risk of breast cancer}},
journal = {Breast Cancer Research and Treatment},
year = {2010},
month = may
}

@article{Waitzman:2014dd,
author = {Waitzman, Joshua S and Rice, Sarah E},
title = {{Mechanism and regulation of kinesin-5, an essential motor for the mitotic spindle.}},
journal = {Biology of the cell / under the auspices of the European Cell Biology Organization},
year = {2014},
volume = {106},
number = {1},
pages = {1--12},
month = jan
}

@article{Anonymous:_5K3uVG5,
title = {{ScienceDirect - Methods : The Tandem Affinity Purification (TAP) Method: A General Procedure of Protein Complex Purification}}
}

@article{Rogers:2009gr,
author = {Rogers, Gregory C and Rusan, Nasser M and Roberts, David M and Peifer, Mark and Rogers, Stephen L},
title = {{The SCF Slimb ubiquitin ligase regulates Plk4/Sak levels to block centriole reduplication}},
journal = {The Journal of Cell Biology},
year = {2009},
volume = {184},
number = {2},
pages = {225--239},
month = jan
}

@article{Habedanck:2005hc,
author = {Habedanck, Robert and Stierhof, York-Dieter and Wilkinson, Christopher J and Nigg, Erich A},
title = {{The Polo kinase Plk4 functions in centriole duplication}},
journal = {Nature Cell Biology},
year = {2005},
volume = {7},
number = {11},
pages = {1140--1146},
month = nov
}

@article{Cizmecioglu:2010io,
author = {Cizmecioglu, Onur and Arnold, Marc and Bahtz, Ramona and Settele, Florian and Ehret, Lena and Haselmann-Wei{\ss}, Uta and Antony, Claude and Hoffmann, Ingrid},
title = {{Cep152 acts as a scaffold for recruitment of Plk4 and CPAP to the centrosome}},
journal = {The Journal of Cell Biology},
year = {2010},
volume = {191},
number = {4},
pages = {--739},
month = nov
}

@article{Hatch:2010bj,
author = {Hatch, Emily M and Kulukian, Anita and Holland, Andrew J and Cleveland, Don W and Stearns, Tim},
title = {{Cep152 interacts with Plk4 and is required for centriole duplication}},
journal = {The Journal of Cell Biology},
year = {2010},
volume = {191},
number = {4},
pages = {--729},
month = nov
}

@article{Huang:2012ep,
author = {Huang, Y and Wang, W and Yao, P and Wang, X and Liu, X and Zhuang, X and Yan, F and Zhou, J and Du, J and Ward, T and Zou, H and Zhang, J and Fang, G and Ding, X and Dou, Z and Yao, X},
title = {{CENP-E Kinesin Interacts with SKAP Protein to Orchestrate Accurate Chromosome Segregation in Mitosis}},
journal = {The Journal of biological chemistry},
year = {2012},
volume = {287},
number = {2},
pages = {1500--1509},
month = jan
}

@article{Anonymous:C-ySLtJF,
title = {{ScienceDirect - Trends in Biochemical Sciences : Getting down to the phosphorylated `nuts and bolts' of spindle checkpoint signalling}}
}

@article{Bajer:1977ww,
author = {Bajer, A},
title = {{Heat-induced reversible hexagonal packing of spindle microtubules.}},
journal = {The Journal of Cell Biology},
year = {1977}
}

@article{Abrieu:2000vka,
author = {Abrieu, A and Kahana, J A and Wood, K W and Cleveland, D W},
title = {{CENP-E as an essential component of the mitotic checkpoint in vitro.}},
journal = {Cell},
year = {2000},
volume = {102},
number = {6},
pages = {817--826},
month = sep
}

@article{Bajer:1992vl,
author = {Bajer, A},
title = {{Spindle poles in higher plant mitosis}},
journal = {Cell motility and the cytoskeleton},
year = {1992}
}

@article{Bajer:1982vl,
author = {Bajer, A},
title = {{Functional autonomy of monopolar spindle and evidence for oscillatory movement in mitosis.}},
journal = {The Journal of Cell Biology},
year = {1982}
}

@article{Rieder:1986ts,
author = {Rieder, C and Davison, E and Jensen, L},
title = {{Oscillatory movements of monooriented chromosomes and their position relative to the spindle pole result from the ejection properties of the aster and half-spindle.}},
journal = {The Journal of Cell {\ldots}},
year = {1986}
}

@article{Sawin:1994uo,
author = {Sawin, K},
title = {{Microtubule flux in mitosis is independent of chromosomes, centrosomes, and antiparallel microtubules.}},
journal = {Molecular Biology of the Cell},
year = {1994}
}

@article{Ault:1994tj,
author = {Ault, J},
title = {{Centrosome and kinetochore movement during mitosis}},
journal = {Current Opinion in Cell Biology},
year = {1994}
}

@article{Paoletti:1997ws,
author = {Paoletti, A and Giocanti, N and Favaudon, V},
title = {{Pulse treatment of interphasic HeLa cells with nanomolar doses of docetaxel affects centrosome organization and leads to catastrophic exit of mitosis.}},
journal = {Journal of Cell {\ldots}},
year = {1997}
}

@article{Mitchison:1988ud,
author = {Mitchison, T},
title = {{Microtubule dynamics and kinetochore function in mitosis}},
journal = {Annual review of cell biology},
year = {1988}
}

@article{McIntosh:1971vr,
author = {McIntosh, J},
title = {{The distribution of spindle microtubules during mitosis in cultured human cells}},
journal = {The Journal of Cell Biology},
year = {1971}
}

@article{Inoue:1995tm,
author = {Inou{\'e}, S},
title = {{Force generation by microtubule assembly/disassembly in mitosis and related movements}},
journal = {Molecular Biology of the Cell},
year = {1995}
}

@article{Mclntosh:1969tk,
author = {Mclntosh, J and Hepler, P},
title = {{Model for mitosis}},
journal = {Nature},
year = {1969}
}

@article{Torres:2009te,
author = {Torres, J and Miller, J},
title = {{High‐throughput generation of tagged stable cell lines for proteomic analysis}},
journal = {Proteomics},
year = {2009}
}

@article{Walker:1988ti,
author = {Walker, R and O'brien, E and Pryer, N},
title = {{Dynamic instability of individual microtubules analyzed by video light microscopy: rate constants and transition frequencies.}},
journal = {The Journal of Cell {\ldots}},
year = {1988}
}

@article{Mandelkow:1991vg,
author = {Mandelkow, E and Mandelkow, E},
title = {{Microtubule dynamics and microtubule caps: a time-resolved cryo-electron microscopy study.}},
journal = {The Journal of Cell {\ldots}},
year = {1991}
}

@article{Madshus:1988wj,
author = {Madshus, I H},
title = {{Regulation of intracellular pH in eukaryotic cells}},
journal = {The Biochemical journal},
year = {1988},
volume = {250},
number = {1},
pages = {1--8},
month = feb
}

@article{Mazumdar:2005kz,
author = {Mazumdar, Manjari and Misteli, Tom},
title = {{Chromokinesins: multitalented players in mitosis}},
journal = {Trends in Cell Biology},
year = {2005},
volume = {15},
number = {7},
pages = {349--355},
month = jul
}

@article{Levesque:2001cv,
author = {Levesque, A A},
title = {{The chromokinesin Kid is necessary for chromosome arm orientation and oscillation, but not congression, on mitotic spindles}},
journal = {The Journal of Cell Biology},
year = {2001},
volume = {154},
number = {6},
pages = {1135--1146},
month = sep
}

@article{Conduit:2010ep,
author = {Conduit, Paul T and Raff, Jordan W},
title = {{Cnn dynamics drive centrosome size asymmetry to ensure daughter centriole retention in drosophila neuroblasts}},
journal = {Current biology : CB},
year = {2010},
volume = {20},
number = {24},
pages = {2187--2192},
month = dec
}

@article{Tomlin:2007be,
author = {Tomlin, Claire J and Axelrod, Jeffrey D},
title = {{Biology by numbers: mathematical modelling in developmental biology}},
journal = {Nature Reviews Genetics},
year = {2007},
volume = {8},
number = {5},
pages = {331},
month = may
}

@article{Higuchi:2005bb,
author = {Higuchi, Toru and Uhlmann, Frank},
title = {{Stabilization of microtubule dynamics at anaphase onset promotes chromosome segregation}},
journal = {Nature},
year = {2005},
volume = {433},
number = {7022},
pages = {171},
month = jan
}

@article{Oppenheim:1973ee,
author = {Oppenheim, D and Hauschka, B and McIntosh, J},
title = {{Anaphase motions in dilute colchicine *1Evidence of two phases in chromosome segregation}},
journal = {Experimental Cell Research},
year = {1973},
volume = {79},
number = {1},
pages = {95--105},
month = may
}

@article{BrustMascher:2004ez,
author = {Brust-Mascher, I and Civelekoglu-Scholey, G and Kwon, M and Mogilner, A and Scholey, J M},
title = {{Model for anaphase B: Role of three mitotic motors in a switch from poleward flux to spindle elongation}},
journal = {Proceedings of the National Academy of Sciences of the United States of America},
year = {2004},
volume = {101},
number = {45},
pages = {15938},
month = nov
}

@article{Hayashi:2007km,
author = {Hayashi, Tomomi and Sano, Toshio and Kutsuna, Natsumaro and Kumagai-Sano, Fumi and Hasezawa, Seiichiro},
title = {{Contribution of anaphase B to chromosome separation in higher plant cells estimated by image processing.}},
journal = {Plant and Cell Physiology},
year = {2007},
volume = {48},
number = {10},
pages = {1509--1513},
month = oct
}

@article{Deckert:vf,
author = {Deckert, Joseph and Myagkov, Mikhail and Ordeshook, Peter C},
title = {{Benford's Law and the Detection of Election Fraud}}
}

@article{Haydar:2003ej,
author = {Haydar, Tarik F and Ang, Eugenius and Rakic, Pasko},
title = {{Mitotic spindle rotation and mode of cell division in the developing telencephalon}},
journal = {Proceedings of the National Academy of Sciences of the United States of America},
year = {2003},
volume = {100},
number = {5},
pages = {2890--2895},
month = mar
}

@article{Oconnell:2000vi,
author = {O'connell, Christopher and Wang, Yu-li},
title = {{Mammalian Spindle Orientation and Position Respond to Changes in Cell Shape in a Dynein-dependent Fashion}},
journal = {Molecular Biology of the Cell},
year = {2000},
volume = {11},
number = {5},
pages = {1765},
month = may
}

@article{Mebane:2011wp,
author = {Mebane, Walter R},
title = {{Comment on ``Benford's Law and the Detection of Election Fraud''}},
journal = {Political Analysis},
year = {2011},
volume = {19},
number = {3},
pages = {269--272}
}

@article{Cantu:f-ya8wxU,
author = {Cant{\'u}, Francisco and Saiegh, Sebasti{\'a}n M},
title = {{Fraudulent Democracy? An Analysis of Argentina's Infamous Decade Using Supervised Machine Learning}},
journal = {pan.oxfordjournals.org}
}

@article{Keller:2010hs,
author = {Keller, Lani C and Wemmer, Kimberly A and Marshall, Wallace F},
title = {{Influence of centriole number on mitotic spindle length and symmetry}},
journal = {Cytoskeleton (Hoboken, NJ)},
year = {2010},
volume = {67},
number = {8},
pages = {504--518},
month = aug
}

@article{Antonio:2000ik,
author = {Antonio, C},
title = {{Xkid, a Chromokinesin Required for Chromosome Alignment on the Metaphase Plate}},
journal = {Cell},
year = {2000},
volume = {102},
number = {4},
pages = {425--435},
month = aug
}

@article{Kaltschmidt:1999hn,
author = {Kaltschmidt, Julia A and Davidson, Catherine M and Brown, Nicholas H and Brand, Andrea H},
title = {{Rotation and asymmetry of the mitotic spindle direct asymmetric cell
division in the developing central nervous system}},
journal = {Nature Cell Biology},
year = {1999},
volume = {2},
number = {1},
pages = {7},
month = nov
}

@article{Mcnally:2006cy,
author = {McNally, Karen and Audhya, Anjon and Oegema, Karen and McNally, Francis J},
title = {{Katanin controls mitotic and meiotic spindle length.}},
journal = {Journal of Cell Biology},
year = {2006},
volume = {175},
number = {6},
pages = {881--891},
month = dec
}

@article{Gardner:2006gy,
author = {Gardner, Melissa K and Odde, David J},
title = {{Modeling of chromosome motility during mitosis}},
journal = {Current Opinion in Cell Biology},
year = {2006},
volume = {18},
number = {6},
pages = {639--647},
month = dec
}

@article{Ohta:2010kj,
author = {Ohta, Shinya and Wood, Laura and Bukowski-Wills, Jimi-Carlo and Rappsilber, Juri and Earnshaw, William C},
title = {{Building mitotic chromosomes}},
journal = {Current Opinion in Cell Biology},
year = {2010},
pages = {1--8},
month = oct
}

@article{Franck:2010hg,
author = {Franck, Nathalie and Montembault, Emilie and Rom{\'e}, Pierre and Pascal, Aude and Cremet, Jean-Yves and Giet, R{\'e}gis},
title = {{CDK11(p58) is required for centriole duplication and Plk4 recruitment to mitotic centrosomes.}},
journal = {PLoS ONE},
year = {2010},
volume = {6},
number = {1},
pages = {e14600--e14600},
month = dec
}

@article{Hutterer:2009ge,
author = {Hutterer, Andrea and Glotzer, Michael and Mishima, Masanori},
title = {{Clustering of Centralspindlin Is Essential for Its Accumulation to the Central Spindle and the Midbody}},
journal = {Current Biology},
year = {2009},
volume = {19},
number = {23},
pages = {2043--2049},
month = dec
}

@article{Nicklas:1992tk,
author = {Nicklas, RB and Arana, P},
title = {{Evolution and the meaning of metaphase}},
journal = {Journal of Cell Science},
year = {1992},
volume = {102},
number = {4},
pages = {681--690},
month = aug
}

@article{Beber:juVGUCwQ,
author = {Beber, Bernd and Scacco, Alexandra},
title = {{What the Numbers Say: A Digit-Based Test for Election Fraud}},
journal = {pan.oxfordjournals.org}
}

@article{Funabiki:2000vx,
author = {Funabiki, H and Murray, A W},
title = {{The Xenopus chromokinesin Xkid is essential for metaphase chromosome alignment and must be degraded to allow anaphase chromosome movement}},
journal = {Cell},
year = {2000},
volume = {102},
number = {4},
pages = {411--424},
month = aug
}

@article{CivelekogluScholey:2010ct,
author = {Civelekoglu-Scholey, Gul and Scholey, Jonathan M},
title = {{Mitotic force generators and chromosome segregation.}},
journal = {Cellular and molecular life sciences : CMLS},
year = {2010},
volume = {67},
number = {13},
pages = {2231--2250},
month = jul
}

@article{CivelekogluScholey:2006dy,
author = {Civelekoglu-Scholey, G and Sharp, D J and Mogilner, A and Scholey, J M},
title = {{Model of chromosome motility in Drosophila embryos: adaptation of a general mechanism for rapid mitosis.}},
journal = {Biophysical journal},
year = {2006},
volume = {90},
number = {11},
pages = {3966--3982},
month = jun
}

@article{Yewdell:2008jg,
author = {Yewdell, Jonathan W},
title = {{How to succeed in science: a concise guide for young biomedical scientists. Part II: making discoveries}},
journal = {Nature Reviews Molecular Cell Biology},
year = {2008},
volume = {9},
number = {6},
pages = {491},
month = apr
}

@article{Yewdell:it,
author = {Yewdell, Jonathan W},
title = {{How to succeed in science: a concise guide for young biomedical scientists. Part I: taking the plunge}},
journal = {Nature Reviews Molecular Cell Biology},
volume = {9},
number = {5},
pages = {413}
}

@article{Wells:2004gq,
author = {Wells, William A},
title = {{Me write pretty one day: how to write a good scientific paper}},
journal = {The Journal of Cell Biology},
year = {2004},
volume = {165},
number = {6},
pages = {757},
month = jun
}

@article{Whitesides:2004cm,
author = {Whitesides, G M},
title = {{Whitesides' Group: Writing a Paper}},
journal = {Advanced Materials},
year = {2004},
volume = {16},
number = {15},
pages = {1375--1377},
month = aug
}

@article{Alon:2009jm,
author = {Alon, Uri},
title = {{How to choose a good scientific problem}},
journal = {Molecular cell},
year = {2009},
volume = {35},
number = {6},
pages = {726--728},
month = sep
}

@article{Minc:2011hj,
author = {Minc, Nicolas and Burgess, David and Chang, Fred},
title = {{Influence of cell geometry on division-plane positioning}},
journal = {Cell},
year = {2011},
volume = {144},
number = {3},
pages = {414--426},
month = feb
}

@article{Kitagawa:2011ij,
author = {Kitagawa, Daiju and Vakonakis, Ioannis and Olieric, Natacha and Hilbert, Manuel and Keller, Debora and Olieric, Vincent and Bortfeld, Miriam and Erat, Mich{\`e}le C and Fl{\"u}ckiger, Isabelle and G{\"o}nczy, Pierre},
title = {{Structural Basis of the 9-Fold Symmetry of Centrioles}},
journal = {Cell},
year = {2011},
volume = {144},
number = {3},
pages = {364--375},
month = feb
}

@article{Snapp:2009ha,
author = {Snapp, Erik Lee},
title = {{Fluorescent proteins: a cell biologist's user guide}},
journal = {Trends in Cell Biology},
year = {2009},
volume = {19},
number = {11},
pages = {649--655},
month = nov
}

@article{Walczak:2008eq,
author = {Walczak, Claire E and Heald, Rebecca},
title = {{Mechanisms of mitotic spindle assembly and function.}},
journal = {International review of cytology},
year = {2008},
volume = {265},
pages = {111--158}
}

@article{Strnad:2008ei,
author = {Strnad, P and Gonczy, P},
title = {{Mechanisms of procentriole formation}},
journal = {Trends in Cell Biology},
year = {2008},
volume = {18},
number = {8},
pages = {389--396},
month = aug
}

@article{Delattre:2006cr,
author = {Delattre, Marie and Canard, Coralie and G{\"o}nczy, Pierre},
title = {{Sequential Protein Recruitment in C. elegans Centriole Formation}},
journal = {Current Biology},
year = {2006},
volume = {16},
number = {18},
pages = {1844--1849},
month = sep
}

@article{Kohlmaier:2009et,
author = {Kohlmaier, Gregor and Lon{\v c}arek, Jadranka and Meng, Xing and McEwen, Bruce F and Mogensen, Mette M and Spektor, Alexander and Dynlacht, Brian D and Khodjakov, Alexey and G{\"o}nczy, Pierre},
title = {{Overly Long Centrioles and Defective Cell Division upon Excess of the SAS-4-Related Protein CPAP}},
journal = {Current Biology},
year = {2009},
volume = {19},
number = {12},
pages = {1012--1018},
month = jun
}

@article{DAmbrosio:2010hy,
author = {D'Ambrosio, Michael V and Vale, Ronald D},
title = {{A whole genome RNAi screen of Drosophila S2 cell spreading performed using automated computational image analysis}},
journal = {The Journal of Cell Biology},
year = {2010},
volume = {191},
number = {3},
pages = {471--478},
month = nov
}

@article{Goodwin:2010fe,
author = {Goodwin, Sarah S and Vale, Ronald D},
title = {{Patronin Regulates the Microtubule Network by Protecting Microtubule Minus Ends}},
journal = {Cell},
year = {2010},
volume = {143},
number = {2},
pages = {263--274},
month = oct
}

@article{Ou:2010cd,
author = {Ou, Guangshuo and Stuurman, Nico and D'Ambrosio, Michael and Vale, Ronald D},
title = {{Polarized myosin produces unequal-size daughters during asymmetric cell division}},
journal = {Science (New York, NY)},
year = {2010},
volume = {330},
number = {6004},
pages = {677--680},
month = oct
}

@article{Vale:2010jk,
author = {Vale, Ronald D},
title = {{It's a wonderful life: a career as an academic scientist}},
journal = {Molecular Biology of the Cell},
year = {2010},
volume = {21},
number = {1},
pages = {11--14}
}

@article{Vale:2009bu,
author = {Vale, Ronald D and Spudich, James A and Griffis, Eric R},
title = {{Dynamics of myosin, microtubules, and Kinesin-6 at the cortex during cytokinesis in Drosophila S2 cells}},
journal = {The Journal of Cell Biology},
year = {2009},
volume = {186},
number = {5},
pages = {727--738},
month = sep
}

@article{Meireles:2009im,
author = {Meireles, Ana M and Fisher, Katherine H and Colombi{\'e}, Nathalie and Wakefield, James G and Ohkura, Hiroyuki},
title = {{Wac: a new Augmin subunit required for chromosome alignment but not for acentrosomal microtubule assembly in female meiosis.}},
journal = {The Journal of Cell Biology},
year = {2009},
volume = {184},
number = {6},
pages = {777--784},
month = mar
}

@article{Goshima:2008fx,
author = {Goshima, Gohta and Mayer, Mirjam and Zhang, Nan and Stuurman, Nico and Vale, Ronald D},
title = {{Augmin: a protein complex required for centrosome-independent microtubule generation within the spindle.}},
journal = {The Journal of Cell Biology},
year = {2008},
volume = {181},
number = {3},
pages = {421--429},
month = may
}

@article{Ibi:2011cd,
author = {Ibi, Miho and Zou, Peng and Inoko, Akihito and Shiromizu, Takashi and Matsuyama, Makoto and Hayashi, Yuko and Enomoto, Masato and Mori, Daisuke and Hirotsune, Shinji and Kiyono, Tohru and Tsukita, Sachiko and Goto, Hidemasa and Inagaki, Masaki},
title = {{Trichoplein controls microtubule anchoring at the centrosome by binding to Odf2 and ninein.}},
journal = {Journal of Cell Science},
year = {2011},
volume = {124},
number = {Pt 6},
pages = {857--864},
month = mar
}

@article{Izawa:2011gn,
author = {Izawa, Daisuke and Pines, Jonathon},
title = {{How APC/C-Cdc20 changes its substrate specificity in mitosis}},
journal = {Nature Cell Biology},
year = {2011},
volume = {13},
number = {3},
pages = {223},
month = feb
}

@article{Krajcovic:2011ek,
author = {Krajcovic, Matej and Johnson, Nicole B and Sun, Qiang and Normand, Guillaume and Hoover, Nicholas and Yao, Evelyn and Richardson, Andrea L and King, Randall W and Cibas, Edmund S and Schnitt, Stuart J and Brugge, Joan S and Overholtzer, Michael},
title = {{A non-genetic route to aneuploidy in human cancers}},
journal = {Nature Cell Biology},
year = {2011},
volume = {13},
number = {3},
pages = {324},
month = feb
}

@article{Thery:2006bv,
author = {Thery, M and Racine, V and Piel, M and Pepin, A and Dimitrov, A and Chen, Y and Sibarita, J-B and Bornens, M},
title = {{From the Cover: Anisotropy of cell adhesive microenvironment governs cell internal organization and orientation of polarity}},
journal = {Proceedings of the National Academy of Sciences},
year = {2006},
volume = {103},
number = {52},
pages = {19771--19776},
month = dec
}

@article{Choquette:uj,
author = {Choquette, Francois and Johnson, James},
title = {{2008/2012 Election Anomalies, Results, Analysis and Concerns}}
}

@article{Moores:2006gh,
author = {Moores, Carolyn and Milligan, Ronald},
title = {{Lucky 13 - microtubule depolymerisation by kinesin-13 motors}},
journal = {Journal of Cell Science},
year = {2006},
volume = {119},
number = {19},
pages = {3905},
month = oct
}

@article{MoralesMulia:2005bl,
author = {Morales-Mulia, Sandra and Scholey, Jonathan M},
title = {{Spindle pole organization in Drosophila S2 cells by dynein, abnormal spindle protein (Asp), and KLP10A.}},
journal = {Molecular Biology of the Cell},
year = {2005},
volume = {16},
number = {7},
pages = {3176--3186},
month = jul
}

@article{Maldonado:2011eb,
author = {Maldonado, Maria and Kapoor, Tarun M},
title = {{Constitutive Mad1 targeting to kinetochores uncouples checkpoint signalling from chromosome biorientation}},
journal = {Nature Cell Biology},
year = {2011},
month = mar
}

@article{Chakravarty:2004dh,
author = {Chakravarty, Arijit and Howard, Louisa and Compton, Duane},
title = {{A Mechanistic Model for the Organization of Microtubule Asters by Motor and Non-Motor Proteins in a Mammalian Mitotic Extract}},
journal = {Molecular Biology of the Cell},
year = {2004},
volume = {15},
number = {5},
pages = {2116},
month = may
}

@article{Mountain:1999fz,
author = {Mountain, V},
title = {{The Kinesin-related Protein, HSET, Opposes the Activity of Eg5 and Cross-links Microtubules in the Mammalian Mitotic Spindle}},
journal = {The Journal of Cell Biology},
year = {1999},
volume = {147},
number = {2},
pages = {351--366},
month = oct
}

@article{Nicklas:1985tm,
author = {Nicklas, R},
title = {{Microtubules, chromosome movement, and reorientation after chromosomes are detached from the spindle by micromanipulation}},
journal = {Chromosoma},
year = {1985}
}

@article{Paliulis:2005vd,
author = {Paliulis, L},
title = {{Kinetochore rearrangement in meiosis II requires attachment to the spindle}},
journal = {Chromosoma},
year = {2005}
}

@article{Henderson:1970vk,
author = {Henderson, S and Nicklas, R},
title = {{Temperature-induced orientation instability during meiosis: an experimental analysis.}},
journal = {Journal of Cell Science},
year = {1970}
}

@article{Nicklas:1989us,
author = {Nicklas, R and Lee, G and Rieder, C},
title = {{Mechanically cut mitotic spindles: clean cuts and stable microtubules.}},
journal = {Journal of Cell Science},
year = {1989}
}

@article{Conduit:2010be,
author = {Conduit, Paul T and Brunk, Kathrin and Dobbelaere, Jeroen and Dix, Carly I and Lucas, Eliana P and Raff, Jordan W},
title = {{Centrioles Regulate Centrosome Size by Controlling the Rate of Cnn Incorporation into the PCM}},
journal = {Current Biology},
year = {2010},
volume = {20},
number = {24},
pages = {2178--2186},
month = dec
}

@article{Sawin:1992kv,
author = {Sawin, K E and LeGuellec, K and Philippe, M and Mitchison, T J},
title = {{Mitotic spindle organization by a plus-end-directed microtubule motor.}},
journal = {Nature},
year = {1992},
volume = {359},
number = {6395},
pages = {540--543},
month = oct
}

@article{Goshima:2010ko,
author = {Goshima, Gohta and Scholey, Jonathan M},
title = {{Control of mitotic spindle length.}},
journal = {Annual review of cell and developmental biology},
year = {2010},
volume = {26},
pages = {21--57},
month = nov
}

@article{Muller:2006jt,
author = {M{\"u}ller, Hannah and Fogeron, Marie-Laure and Lehmann, Verena and Lehrach, Hans and Lange, Bodo M H},
title = {{A centrosome-independent role for gamma-TuRC proteins in the spindle assembly checkpoint}},
journal = {Science (New York, NY)},
year = {2006},
volume = {314},
number = {5799},
pages = {654--657},
month = oct
}

@article{Tanenbaum:2010dc,
author = {Tanenbaum, Marvin E and Medema, Ren{\'e} H},
title = {{Mechanisms of centrosome separation and bipolar spindle assembly.}},
journal = {Developmental Cell},
year = {2010},
volume = {19},
number = {6},
pages = {797--806},
month = dec
}

@article{Gruber:2002dy,
author = {Gruber, J},
title = {{The mitotic-spindle-associated protein astrin is essential for progression through mitosis}},
journal = {Journal of Cell Science},
year = {2002},
volume = {115},
number = {21},
pages = {4053--4059},
month = nov
}

@article{Barisic:2011uv,
author = {Barisic, Marin and Geley, Stephan},
title = {{Spindly switch controls anaphase: spindly and RZZ functions in chromosome attachment and mitotic checkpoint control.}},
journal = {Cell cycle (Georgetown, Tex)},
year = {2011},
volume = {10},
number = {3},
pages = {449--456},
month = feb
}

@article{Barisic:2010fp,
author = {Barisic, Marin and Sohm, B{\'e}n{\'e}dicte and Mikolcevic, Petra and Wandke, Cornelia and Rauch, Veronika and Ringer, Thomas and Hess, Michael and Bonn, G{\"u}nther and Geley, Stephan},
title = {{Spindly/CCDC99 is required for efficient chromosome congression and mitotic checkpoint regulation.}},
journal = {Molecular Biology of the Cell},
year = {2010},
volume = {21},
number = {12},
pages = {1968--1981},
month = jun
}

@article{Karess:2005du,
author = {Karess, Roger},
title = {{Rod-Zw10-Zwilch: a key player in the spindle checkpoint.}},
journal = {Trends in Cell Biology},
year = {2005},
volume = {15},
number = {7},
pages = {386--392},
month = jul
}

@article{Kasuboski:2011kh,
author = {Kasuboski, J M and Bader, J R and Vaughan, P S and Tauhata, S B F and Winding, M and Morrissey, M A and Joyce, M V and Boggess, W and Vos, L and Chan, G K and Hinchcliffe, E H and Vaughan, K T},
title = {{Zwint-1 is a novel Aurora B substrate required for the assembly of a dynein-binding platform on kinetochores}},
journal = {Molecular Biology of the Cell},
year = {2011},
volume = {22},
number = {18},
pages = {3318--3330},
month = sep
}

@article{Anonymous:WSdvFBXN,
author = {Belwal, Mukta},
title = {{The MIND complex: at the critical interface between kinetochore structure and microtubule dynamics}},
year = {2011},
pages = {1--133},
month = jan
}

@article{AnaAmaro:2010ts,
author = {{AnaAmaro}},
title = {{Ana Amaro PhD Thesis}},
journal = {ETH Zurich},
year = {2010},
pages = {1--230},
month = may
}

@article{Varma:2012hi,
author = {Varma, Dileep and Salmon, E D},
title = {{The KMN protein network--chief conductors of the kinetochore orchestra.}},
journal = {Journal of Cell Science},
year = {2012},
volume = {125},
number = {Pt 24},
pages = {5927--5936},
month = dec
}

@article{Ricke:2011ji,
author = {Ricke, Robin M and van Deursen, Jan M},
title = {{Correction of microtubule--kinetochore attachment errors: Mechanisms and role in tumor suppression}},
journal = {Seminars in cell {\&} developmental biology},
year = {2011},
volume = {22},
number = {6},
pages = {559--565},
month = aug
}

@article{Moyle:2014eg,
author = {Moyle, Mark W and Kim, Taekyung and Hattersley, Neil and Espeut, Julien and Cheerambathur, Dhanya K and Oegema, Karen and Desai, Arshad},
title = {{A Bub1-Mad1 interaction targets the Mad1-Mad2 complex to unattached kinetochores to initiate the spindle checkpoint.}},
journal = {The Journal of Cell Biology},
year = {2014},
volume = {204},
number = {5},
pages = {647--657},
month = mar
}

@article{London:2014gm,
author = {London, Nitobe and Biggins, Sue},
title = {{Mad1 kinetochore recruitment by Mps1-mediated phosphorylation of Bub1 signals the spindle checkpoint.}},
journal = {Genes {\&} Development},
year = {2014},
volume = {28},
number = {2},
pages = {140--152},
month = jan
}

@article{Meadows:2013bf,
author = {Meadows, John C},
title = {{Interplay between mitotic kinesins and the Aurora kinase-PP1 (protein phosphatase 1) axis.}},
journal = {Biochemical Society transactions},
year = {2013},
volume = {41},
number = {6},
pages = {1761--1765},
month = dec
}

@article{MoraSantos:2013fo,
author = {Mora-Santos, Maria and Millar, Jonathan Ba},
title = {{Checkpoint proteins come under scrutiny.}},
journal = {eLife},
year = {2013},
volume = {2},
pages = {e01494}
}

@article{Primorac:2013kd,
author = {Primorac, Ivana and Weir, John R and Chiroli, Elena and Gross, Fridolin and Hoffmann, Ingrid and van Gerwen, Suzan and Ciliberto, Andrea and Musacchio, Andrea},
title = {{Bub3 reads phosphorylated MELT repeats to promote spindle assembly checkpoint signaling}},
journal = {eLife},
year = {2013},
volume = {2},
number = {0},
pages = {1030},
month = jan
}

@article{Hentrich:2010jh,
author = {Hentrich, Christian and Surrey, Thomas},
title = {{Microtubule organization by the antagonistic mitotic motors kinesin-5 and kinesin-14.}},
journal = {Journal of Cell Biology},
year = {2010},
volume = {189},
number = {3},
pages = {465--480},
month = may
}

@article{Gaetz:2004ci,
author = {Gaetz, Jedidiah and Kapoor, Tarun M},
title = {{Dynein/dynactin regulate metaphase spindle length by targeting depolymerizing activities to spindle poles.}},
journal = {Journal of Cell Biology},
year = {2004},
volume = {166},
number = {4},
pages = {465--471},
month = aug
}

@article{Conde:2013ck,
author = {Conde, Carlos and Osswald, Mariana and Barbosa, Jo{\~a}o and Moutinho-Santos, Tatiana and Pinheiro, Diana and Guimar{\~a}es, Sofia and Matos, Irina and Maiato, Helder and Sunkel, Claudio E},
title = {{Drosophila Polo regulates the spindle assembly checkpoint through Mps1-dependent BubR1 phosphorylation}},
journal = {The EMBO Journal},
year = {2013},
pages = {--},
month = may
}

@article{McElduff:vr,
author = {McElduff, Fiona and Cortina-Borja, Mario and Chan, Shun-Kai and Wade, Angie},
title = {{When t-tests or Wilcoxon-Mann-Whitney tests won't do}},
journal = {advan.physiology.org}
}

@article{Mountain:1999hi,
author = {Mountain, V and Simerly, C and Howard, L and Ando, A and Schatten, G and Compton, D A},
title = {{The kinesin-related protein, HSET, opposes the activity of Eg5 and cross-links microtubules in the mammalian mitotic spindle.}},
journal = {Journal of Cell Biology},
year = {1999},
volume = {147},
number = {2},
pages = {351--366},
month = oct
}

@article{Yin:2006cu,
author = {Yin, Zhi-Xin and He, Wei and Chen, Wei-Jian and Yan, Jiang-Hui and Yang, Jun-Ning and Chan, Siu-Ming and He, Jian-Guo},
title = {{Cloning, expression and antimicrobial activity of an antimicrobial peptide, epinecidin-1, from the orange-spotted grouper, Epinephelus coioides}},
journal = {Aquaculture},
year = {2006},
volume = {253},
number = {1-4},
pages = {204--211},
month = mar
}

@article{Holmstrom:2003di,
author = {Holmstrom, Katrin and Graslund, Sara and Wahlstrom, Ann and Poungshompoo, Somlak and Bengtsson, Bengt-Erik and Kautsky, Nils},
title = {{Antibiotic use in shrimp farming and implications for environmental impacts and human health}},
journal = {International Journal of Food Science and Technology},
year = {2003},
volume = {38},
number = {3},
pages = {255--266},
month = mar
}

@article{Peters:2010ug,
author = {Peters, Brian M and Shirtliff, Mark E and Jabra-Rizk, Mary Ann},
title = {{Antimicrobial peptides: primeval molecules or future drugs?}},
journal = {PLoS pathogens},
year = {2010},
volume = {6},
number = {10},
pages = {e1001067}
}

@article{Goshima:2005ko,
author = {Goshima, Gohta and Wollman, Roy and Stuurman, Nico and Scholey, Jonathan M and Vale, Ronald D},
title = {{Length Control of the Metaphase Spindle}},
journal = {Current Biology},
year = {2005},
volume = {15},
number = {22},
pages = {1979--1988},
month = nov
}

@article{McNally:2006wa,
author = {McNally, Karen and Audhya, Anjon and Oegema, Karen and McNally, Francis J},
title = {{Katanin controls mitotic and meiotic spindle length}},
journal = {The Journal of Cell {\ldots}},
year = {2006}
}

@article{Kwok:2007fv,
author = {Kwok, Benjamin H and Kapoor, Tarun M},
title = {{Microtubule flux: drivers wanted.}},
journal = {Current Opinion in Cell Biology},
year = {2007},
volume = {19},
number = {1},
pages = {36--42},
month = feb
}

@article{Duncan:2011ki,
author = {Duncan, Tommy and Wakefield, James G},
title = {{50 ways to build a spindle: the complexity of microtubule generation during mitosis.}},
journal = {Chromosome research : an international journal on the molecular, supramolecular and evolutionary aspects of chromosome biology},
year = {2011},
volume = {19},
number = {3},
pages = {321--333},
month = apr
}

@article{Bradshaw:2003wd,
author = {Bradshaw, Jeremy P},
title = {{Cationic antimicrobial peptides}},
journal = {BioDrugs},
year = {2003},
volume = {17},
number = {4},
pages = {233--240}
}

@article{Marthiens:2012co,
author = {Marthiens, Veronique and Piel, Matthieu and Basto, Renata},
title = {{Never tear us apart - the importance of centrosome clustering}},
journal = {Journal of Cell Science},
year = {2012},
volume = {125},
number = {14},
pages = {3281--3292},
month = jul
}

@booklet{Moriarty:2xJymsiQ,
title = {{Disease control in shrimp aquaculture with probiotic bacteria}},
author = {Moriarty, David}
}

@article{Woolner:2008bv,
author = {Woolner, Sarah and O'Brien, Lori L and Wiese, Christiane and Bement, William M},
title = {{Myosin-10 and actin filaments are essential for mitotic spindle function.}},
journal = {The Journal of Cell Biology},
year = {2008},
volume = {182},
number = {1},
pages = {77--88},
month = jul
}

@article{Kobayashi:2011ca,
author = {Kobayashi, Tetsuo and Dynlacht, Brian D},
title = {{Regulating the transition from centriole to basal body.}},
journal = {The Journal of Cell Biology},
year = {2011},
volume = {193},
number = {3},
pages = {435--444},
month = may
}

@article{Fink:2011bx,
author = {Fink, Jenny and Carpi, Nicolas and Betz, Timo and B{\'e}tard, Angelique and Chebah, Meriem and Azioune, Ammar and Bornens, Michel and Sykes, Cecile and Fetler, Luc and Cuvelier, Damien and Piel, Matthieu},
title = {{External forces control mitotic spindle positioning}},
journal = {Nature Cell Biology},
year = {2011},
pages = {--},
month = jun
}

@article{Dammermann:2003va,
author = {Dammermann, Alexander and Desai, Arshad and Oegema, Karen},
title = {{The minus end in sight.}},
journal = {Current Biology},
year = {2003},
volume = {13},
number = {15},
pages = {R614--24},
month = aug
}

@article{Delgehyr:2005jm,
author = {Delgehyr, Nathalie and Sillibourne, James and Bornens, Michel},
title = {{Microtubule nucleation and anchoring at the centrosome are independent processes linked by ninein function.}},
journal = {Journal of Cell Science},
year = {2005},
volume = {118},
number = {Pt 8},
pages = {1565--1575},
month = apr
}

@article{Kodani:2010jj,
author = {Kodani, A and Tonthat, V and Wu, B and Sutterlin, C},
title = {{Par6  Interacts with the Dynactin Subunit p150Glued and Is a Critical Regulator of Centrosomal Protein Recruitment}},
journal = {Molecular Biology of the Cell},
year = {2010},
volume = {21},
number = {19},
pages = {3376--3385},
month = sep
}

@article{Rath:2011ia,
author = {Rath, Uttama and Sharp, David J},
title = {{The molecular basis of anaphase A in animal cells}},
journal = {Chromosome research : an international journal on the molecular, supramolecular and evolutionary aspects of chromosome biology},
year = {2011},
volume = {19},
number = {3},
pages = {423--432},
month = apr
}

@article{Braun:2011iu,
author = {Braun, Marcus and Lansky, Zdenek and Fink, Gero and Ruhnow, Felix and Diez, Stefan and Janson, Marcel E},
title = {{Adaptive braking by Ase1 prevents overlapping microtubules from sliding completely apart}},
journal = {Nature Cell Biology},
year = {2011},
volume = {13},
number = {10},
pages = {1259--1264},
month = sep
}

@article{Khmelinskii:2009dd,
author = {Khmelinskii, Anton and Roostalu, Johanna and Roque, Helio and Antony, Claude and Schiebel, Elmar},
title = {{Phosphorylation-Dependent Protein Interactions at the Spindle Midzone Mediate Cell Cycle Regulation of Spindle Elongation}},
journal = {Developmental Cell},
year = {2009},
volume = {17},
number = {2},
pages = {244--256},
month = aug
}

@article{Glotzer:2009ey,
author = {Glotzer, Michael},
title = {{The 3Ms of central spindle assembly: microtubules, motors and MAPs}},
journal = {Nature Reviews Molecular Cell Biology},
year = {2009},
volume = {10},
number = {1},
pages = {9--20},
month = jan
}

@article{Toyoshima:2007kv,
author = {Toyoshima, Fumiko and Nishida, Eisuke},
title = {{Integrin-mediated adhesion orients the spindle parallel to the substratum in an EB1- and myosin X-dependent manner.}},
journal = {The EMBO Journal},
year = {2007},
volume = {26},
number = {6},
pages = {1487--1498},
month = mar
}

@article{Woodard:2010hg,
author = {Woodard, G E and Huang, N N and Cho, H and Miki, T and Tall, G G and Kehrl, J H},
title = {{Ric-8A and Gi  Recruit LGN, NuMA, and Dynein to the Cell Cortex To Help Orient the Mitotic Spindle}},
journal = {Molecular and Cellular Biology},
year = {2010},
volume = {30},
number = {14},
pages = {3519--3530},
month = jun
}

@article{Toyoshima:2007kf,
author = {Toyoshima, Fumiko and Matsumura, Shigeru and Morimoto, Hiroko and Mitsushima, Masaru and Nishida, Eisuke},
title = {{PtdIns(3,4,5)P3 Regulates Spindle Orientation in Adherent Cells}},
journal = {Developmental Cell},
year = {2007},
volume = {13},
number = {6},
pages = {796--811},
month = dec
}

@article{Johnston:2009jn,
author = {Johnston, Christopher A and Hirono, Keiko and Prehoda, Kenneth E and Doe, Chris Q},
title = {{Identification of an Aurora-A/PinsLINKER/ Dlg Spindle Orientation Pathway using Induced Cell Polarity in S2 Cells}},
journal = {Cell},
year = {2009},
volume = {138},
number = {6},
pages = {1150--1163},
month = sep
}

@article{Morin:2011dd,
author = {Morin, Xavier and Bella{\"\i}che, Yohanns},
title = {{Mitotic Spindle Orientation in Asymmetric and Symmetric Cell Divisions during Animal Development}},
journal = {Developmental Cell},
year = {2011},
volume = {21},
number = {1},
pages = {102--119},
month = jul
}

@article{Werts:2011kc,
author = {Werts, Adam D and Goldstein, Bob},
title = {{How signaling between cells can orient a mitotic spindle}},
journal = {Seminars in cell {\&} developmental biology},
year = {2011},
pages = {1--8},
month = aug
}

@article{Samora:2011ez,
author = {Samora, Catarina P and Mogessie, Binyam and Conway, Leslie and Ross, Jennifer L and Straube, Anne and Mcainsh, Andrew D},
title = {{MAP4 and CLASP1 operate as a safety mechanism to maintain a stable spindle position in mitosis}},
journal = {Nature Cell Biology},
year = {2011},
volume = {13},
number = {9},
pages = {1040--1050},
month = aug
}

@article{Ruchaud:2007du,
author = {Ruchaud, Sandrine and Carmena, Mar and Earnshaw, William C},
title = {{The Chromosomal Passenger Complex: One for All and All for One}},
journal = {Cell},
year = {2007},
volume = {131},
number = {2},
pages = {230--231},
month = oct
}

@article{Adams:2001ue,
author = {Adams, R R and Carmena, M and Earnshaw, W C},
title = {{Chromosomal passengers and the (aurora) ABCs of mitosis.}},
journal = {Trends in Cell Biology},
year = {2001},
volume = {11},
number = {2},
pages = {49--54},
month = feb
}

@article{GerbenVader:2006es,
author = {Gerben Vader, Ren{\'e} H. Medema Susanne M A Lens},
title = {{The chromosomal passenger complex: guiding Aurora-B through mitosis}},
journal = {The Journal of Cell Biology},
year = {2006},
volume = {173},
number = {6},
pages = {833},
month = jun
}

@article{Zhu:2005gy,
author = {Zhu, C},
title = {{Cell cycle-dependent translocation of PRC1 on the spindle by Kif4 is essential for midzone formation and cytokinesis}},
journal = {Proceedings of the National Academy of Sciences of the United States of America},
year = {2005},
volume = {102},
number = {2},
pages = {343--348},
month = jan
}

@article{Zhu:2006jl,
author = {Zhu, C},
title = {{Spatiotemporal control of spindle midzone formation by PRC1 in human cells}},
journal = {Proceedings of the National Academy of Sciences of the United States of America},
year = {2006},
volume = {103},
number = {16},
pages = {6196--6201},
month = apr
}

@article{Meadows:2008gc,
author = {Meadows, J C and Millar, J},
title = {{Latrunculin A Delays Anaphase Onset in Fission Yeast by Disrupting an Ase1-independent Pathway Controlling Mitotic Spindle Stability}},
journal = {Molecular Biology of the Cell},
year = {2008},
volume = {19},
number = {9},
pages = {3713--3723},
month = aug
}

@article{Ozlu:2010dg,
author = {Ozlu, N and Monigatti, F and Renard, B Y and Field, C M and Steen, H and Mitchison, T J and Steen, J J},
title = {{Binding Partner Switching on Microtubules and Aurora-B in the Mitosis to Cytokinesis Transition}},
journal = {Molecular {\&} Cellular Proteomics},
year = {2010},
volume = {9},
number = {2},
pages = {336--350},
month = feb
}

@article{Ladouceur:2011kg,
author = {Ladouceur, Anne-Marie and Ranjan, Rajesh and Maddox, Paul S},
title = {{Cell Size: Chromosomes Get Slapped by a Midzone Ruler}},
journal = {Current Biology},
year = {2011},
volume = {21},
number = {10},
pages = {R388--R390},
month = may
}

@article{VazquezNovelle:2010ic,
author = {V{\'a}zquez-Novelle, Mar{\'\i}a Dolores and Petronczki, Mark},
title = {{Relocation of the Chromosomal Passenger Complex Prevents Mitotic Checkpoint Engagement at Anaphase}},
journal = {Current Biology},
year = {2010},
volume = {20},
number = {15},
pages = {1402--1407},
month = aug
}

@article{Hummer:2009cf,
author = {H{\"u}mmer, Stefan and Mayer, Thomas U},
title = {{Cdk1 Negatively Regulates Midzone Localization of the Mitotic Kinesin Mklp2 and the Chromosomal Passenger Complex}},
journal = {Current Biology},
year = {2009},
volume = {19},
number = {7},
pages = {607--612},
month = apr
}

@article{Iwakiri:2013if,
author = {Iwakiri, Yuko and Kamakura, Sachiko and Hayase, Junya and Sumimoto, Hideki},
title = {{Interaction of NuMA protein with the kinesin Eg5: its possible role in bipolar spindle assembly and chromosome alignment.}},
journal = {The Biochemical journal},
year = {2013},
volume = {451},
number = {2},
pages = {195--204},
month = apr
}

@article{Tanos:2013ir,
author = {Tanos, B E and Yang, H J and Soni, R and Wang, W J and Macaluso, F P and Asara, J M and Tsou, M F B},
title = {{Centriole distal appendages promote membrane docking, leading to cilia initiation}},
journal = {Genes {\&} Development},
year = {2013},
volume = {27},
number = {2},
pages = {163--168},
month = jan
}

@article{Ma:2011jd,
author = {Ma, Nan and Titus, Janel and Gable, Alyssa and Ross, Jennifer L and Wadsworth, Patricia},
title = {{TPX2 regulates the localization and activity of Eg5 in the mammalian mitotic spindle.}},
journal = {Journal of Cell Biology},
year = {2011},
volume = {195},
number = {1},
pages = {87--98},
month = oct
}

@article{Date:2014ba,
author = {Date, Dipali A and Burrows, Amy C and Summers, Matthew K},
title = {{Phosphorylation regulates the p31Comet - Mitotic Arrest Deficient 2 (Mad2) interaction to promote Spindle Assembly Checkpoint (SAC) activity.}},
journal = {The Journal of biological chemistry},
year = {2014},
month = mar
}

@article{Chao:2012ji,
author = {Chao, William C H and Kulkarni, Kiran and Zhang, Ziguo and Kong, Eric H and Barford, David},
title = {{Structure of the mitotic checkpoint complex.}},
journal = {Nature},
year = {2012},
volume = {484},
number = {7393},
pages = {208--213},
month = apr
}

@article{Musacchio:2011id,
author = {Musacchio, Andrea},
title = {{Spindle assembly checkpoint: the third decade.}},
journal = {Philosophical transactions of the Royal Society of London. Series B, Biological sciences},
year = {2011},
volume = {366},
number = {1584},
pages = {3595--3604},
month = dec
}

@article{Buttrick:2011ee,
author = {Buttrick, Graham J and Meadows, John C and Lancaster, Theresa C and Vanoosthuyse, Vincent and Shepperd, Lindsey A and Hoe, Kwang-Lae and Kim, Dong-Uk and Park, Han-Oh and Hardwick, Kevin G and Millar, Jonathan B A},
title = {{Nsk1 ensures accurate chromosome segregation by promoting association of kinetochores to spindle poles during anaphase B.}},
journal = {Molecular Biology of the Cell},
year = {2011},
month = sep
}

@article{Tipton:2011hn,
author = {Tipton, Aaron R and Wang, Kexi and Link, Laura and Bellizzi, John J and Huang, Haomin and Yen, Tim and Liu, Song-Tao},
title = {{BUBR1 and closed MAD2 (C-MAD2) interact directly to assemble a functional mitotic checkpoint complex.}},
journal = {The Journal of biological chemistry},
year = {2011},
volume = {286},
number = {24},
pages = {21173--21179},
month = jun
}

@article{Maldonado:2011fr,
author = {Maldonado, Maria and Kapoor, Tarun M},
title = {{Constitutive Mad1 targeting to kinetochores uncouples checkpoint signalling from chromosome biorientation.}},
journal = {Nature Cell Biology},
year = {2011},
volume = {13},
number = {4},
pages = {475--482},
month = apr
}

@article{Nilsson:2008gl,
author = {Nilsson, Jakob and Yekezare, Mona and Minshull, Jeremy and Pines, Jonathon},
title = {{The APC/C maintains the spindle assembly checkpoint by targeting Cdc20 for destruction.}},
journal = {Nature Cell Biology},
year = {2008},
volume = {10},
number = {12},
pages = {1411--1420},
month = dec
}

@article{Cane:2013ii,
author = {Cane, Stuart and McGilvray, Philip T and Maresca, Thomas J},
title = {{Insights from an erroneous kinetochore-microtubule attachment state.}},
journal = {Bioarchitecture},
year = {2013},
volume = {3},
number = {3},
pages = {69--76},
month = may
}

@article{Tournier:2004jt,
author = {Tournier, Sylvie and Gachet, Yannick and Buck, Vicky and Hyams, Jeremy S and Millar, Jonathan B A},
title = {{Disruption of astral microtubule contact with the cell cortex activates a Bub1, Bub3, and Mad3-dependent checkpoint in fission yeast.}},
journal = {Molecular Biology of the Cell},
year = {2004},
volume = {15},
number = {7},
pages = {3345--3356},
month = jul
}

@article{Nezi:2009je,
author = {Nezi, Luigi and Musacchio, Andrea},
title = {{Sister chromatid tension and the spindle assembly checkpoint.}},
journal = {Current Opinion in Cell Biology},
year = {2009},
volume = {21},
number = {6},
pages = {785--795},
month = dec
}

@article{Tanenbaum:2009iq,
author = {Tanenbaum, Marvin E and Mac{\r u}rek, Libor and Janssen, Aniek and Geers, Erica F and Alvarez-Fern{\'a}ndez, M{\'o}nica and Medema, Ren{\'e} H},
title = {{Kif15 cooperates with eg5 to promote bipolar spindle assembly.}},
journal = {Current biology : CB},
year = {2009},
volume = {19},
number = {20},
pages = {1703--1711},
month = nov
}

@webpage{Anonymous:l2wMHpeq,
title = {{Mad2 inhibits the mitotic kinesin MKlp2}},
url = {http://jcb.rupress.org/content/191/6/1069.full}
}

@article{Kwiatkowski:2010dd,
author = {Kwiatkowski, Nicholas and Jelluma, Nannette and Filippakopoulos, Panagis and Soundararajan, Meera and Manak, Michael S and Kwon, Mijung and Choi, Hwan Geun and Sim, Taebo and Deveraux, Quinn L and Rottmann, Sabine and Pellman, David and Shah, Jagesh V and Kops, Geert J P L and Knapp, Stefan and Gray, Nathanael S},
title = {{Small-molecule kinase inhibitors provide insight into Mps1 cell cycle function}},
journal = {Nature Chemical Biology},
year = {2010},
volume = {6},
number = {5},
pages = {359--368},
month = apr
}

@article{Saurin:2011ie,
author = {Saurin, Adrian T and van der Waal, Maike S and Medema, Ren{\'e} H and Lens, Susanne M A and Kops, Geert J P L},
title = {{Aurora B potentiates Mps1 activation to ensure rapid checkpoint establishment at the onset of mitosis}},
journal = {Nature Communications},
year = {2011},
volume = {2},
pages = {316},
month = may
}

@article{NannetteJelluma:2010jc,
author = {Nannette Jelluma, Tobias B. Dansen Tale Sliedrecht Nicholas P Kwiatkowski Geert J P L Kops},
title = {{Release of Mps1 from kinetochores is crucial for timely anaphase onset}},
journal = {The Journal of Cell Biology},
year = {2010},
volume = {191},
number = {2},
pages = {281},
month = oct
}

@webpage{Anonymous:QsU8WX4f,
title = {{Dissecting the role of MPS1 in chromosome biorientation and the spindle checkpoint through the small molecule inhibitor reversine}},
url = {http://jcb.rupress.org/content/190/1/73.long}
}

@article{Meunier:2011kt,
author = {Meunier, Sylvain and Vernos, Isabelle},
title = {{K-fibre minus ends are stabilized by a RanGTP-dependent mechanism essential for functional spindle assembly}},
journal = {Nature Cell Biology},
year = {2011},
pages = {--},
month = nov
}

@article{Gobaa:2011fg,
author = {Gobaa, Samy and Hoehnel, Sylke and Roccio, Marta and Negro, Andrea and Kobel, Stefan and Lutolf, Matthias P},
title = {{Artificial niche microarrays for probing single stem cell fate in high throughput}},
journal = {Nature Chemical Biology},
year = {2011},
volume = {8},
number = {11},
pages = {949--955},
month = oct
}

@article{Silkworth:2012bx,
author = {Silkworth, William T and Nardi, Isaac K and Paul, Raja and Mogilner, Alex and Cimini, Daniela},
title = {{Timing of centrosome separation is important for accurate chromosome segregation.}},
journal = {Molecular Biology of the Cell},
year = {2012},
volume = {23},
number = {3},
pages = {401--411},
month = feb
}

@article{Wan:2012ki,
author = {Wan, X and Cimini, D and Cameron, L A and Salmon, E D},
title = {{The coupling between sister kinetochore directional instability and oscillations in centromere stretch in metaphase PtK1 cells}},
journal = {Molecular Biology of the Cell},
year = {2012},
month = feb
}

@article{Meadows:2011kk,
author = {Meadows, John C and Shepperd, Lindsey A and Vanoosthuyse, Vincent and Lancaster, Theresa C and Sochaj, Alicja M and Buttrick, Graham J and Hardwick, Kevin G and Millar, Jonathan B A},
title = {{Spindle Checkpoint Silencing Requires Association of PP1 to Both Spc7 and Kinesin-8 Motors}},
journal = {Developmental Cell},
year = {2011},
volume = {20},
number = {6},
pages = {739--750},
month = jun
}

@article{Lesage:2011vj,
author = {Lesage, Bart and Qian, Junbin and Bollen, Mathieu},
title = {{Spindle checkpoint silencing: PP1 tips the balance}},
journal = {Current biology : CB},
year = {2011},
volume = {21},
number = {21},
pages = {R898--R903}
}

@article{Vader:2007ep,
author = {Vader, Gerben and Cruijsen, Carin W A and van Harn, Tanja and Vromans, Martijn J M and Medema, Ren{\'e} H and Lens, Susanne M A},
title = {{The chromosomal passenger complex controls spindle checkpoint function independent from its role in correcting microtubule kinetochore interactions.}},
journal = {Molecular Biology of the Cell},
year = {2007},
volume = {18},
number = {11},
pages = {4553--4564},
month = nov
}

@article{Schmidt:2010gg,
author = {Schmidt, Jens C and Kiyomitsu, Tomomi and Hori, Tetsuya and Backer, Chelsea B and Fukagawa, Tatsuo and Cheeseman, Iain M},
title = {{Aurora B kinase controls the targeting of the Astrin-SKAP complex to bioriented kinetochores.}},
journal = {The Journal of Cell Biology},
year = {2010},
volume = {191},
number = {2},
pages = {269--280},
month = oct
}

@article{AnjaKDunsch:2011ii,
author = {Dunsch, Anja K. and Linnane, Emily and Barr, Francis A. and Gruneberg, Ulrike},
title = {{The astrin-kinastrin/SKAP complex localizes to microtubule plus ends and facilitates chromosome alignment}},
journal = {Journal of Cell Biology},
year = {2011},
volume = {192},
number = {6},
pages = {959--968}
}

@article{Varma:2012bl,
author = {Varma, Dileep and Chandrasekaran, Srikripa and Sundin, Lynsie J R and Reidy, Karen T and Wan, Xiaohu and Chasse, Dawn A D and Nevis, Kathleen R and DeLuca, Jennifer G and Salmon, E D and Cook, Jeanette Gowen},
title = {{Recruitment of the human Cdt1 replication licensing protein by the loop domain of Hec1 is required for stable kinetochore--microtubule attachment}},
journal = {Nature Cell Biology},
year = {2012},
volume = {14},
number = {6},
pages = {593--603},
month = may
}

@article{Liu:uh,
author = {Liu, Dan and Davydenko, Olga and Lampson, Michael A},
title = {{Polo-like kinase-1 regulates kinetochore--microtubule dynamics and spindle checkpoint silencing}},
journal = {jcb.rupress.org}
}

@article{Siller:2009bp,
author = {Siller, Karsten H and Doe, Chris Q},
title = {{Spindle orientation during asymmetric cell division.}},
journal = {Nature Cell Biology},
year = {2009},
volume = {11},
number = {4},
pages = {365--374},
month = apr
}

@article{Kaltschmidt:2000eh,
author = {Kaltschmidt, J A and Davidson, C M and Brown, N H and Brand, A H},
title = {{Rotation and asymmetry of the mitotic spindle direct asymmetric cell division in the developing central nervous system.}},
journal = {Nature Cell Biology},
year = {2000},
volume = {2},
number = {1},
pages = {7--12},
month = jan
}

@article{Sluder:1997tq,
author = {Sluder, G and Thompson, E A and Miller, F J and Hayes, J and Rieder, C L},
title = {{The checkpoint control for anaphase onset does not monitor excess numbers of spindle poles or bipolar spindle symmetry.}},
journal = {Journal of Cell Science},
year = {1997},
volume = {110 ( Pt 4)},
pages = {421--429},
month = feb
}

@article{Sluder:1983kc,
author = {Sluder, G G and Begg, D A DA},
title = {{Control mechanisms of the cell cycle: role of the spatial arrangement of spindle components in the timing of mitotic events.}},
journal = {Journal of Cell Biology},
year = {1983},
volume = {97},
number = {3},
pages = {877--886},
month = aug
}

@article{Rao:1966ix,
author = {Rao, P N and Engelberg, J},
title = {{Mitotic non-disjunction of sister chromatids and anomalous mitosis induced by low temperatures in HeLa cells}},
journal = {Experimental Cell Research},
year = {1966},
volume = {43},
number = {2},
pages = {332--342},
month = sep
}

@article{Piehl:2004kv,
author = {Piehl, Michelle and Tulu, U Serdar and Wadsworth, Pat and Cassimeris, Lynne},
title = {{Centrosome maturation: measurement of microtubule nucleation throughout the cell cycle by using GFP-tagged EB1.}},
journal = {Proceedings of the National Academy of Sciences of the United States of America},
year = {2004},
volume = {101},
number = {6},
pages = {1584--1588},
month = feb
}

@article{Ou:2002tya,
author = {Ou, Young Y and Mack, Gary J and Zhang, Meifeng and Rattner, Jerome B},
title = {{CEP110 and ninein are located in a specific domain of the centrosome associated with centrosome maturation.}},
journal = {Journal of Cell Science},
year = {2002},
volume = {115},
number = {Pt 9},
pages = {1825--1835},
month = apr
}

@article{Bird:2008fq,
author = {Bird, Alexander W and Hyman, Anthony A},
title = {{Building a spindle of the correct length in human cells requires the interaction between TPX2 and Aurora A.}},
journal = {Journal of Cell Biology},
year = {2008},
volume = {182},
number = {2},
pages = {289--300},
month = jul
}

@booklet{Schmidt:2012vg,
title = {{Molecular Mechanisms of Kinetochore Microtubule Attachment}},
author = {Schmidt, Jens Christopher and {Massachusetts Institute of Technology. Dept. of Biology}},
year = {2012}
}

@article{Gonzalez:2003gk,
author = {Gonzalez, Cayetano},
title = {{Cell Division: The Place and Time of Cytokinesis}},
journal = {Current Biology},
year = {2003},
volume = {13},
number = {9},
pages = {R363--R365},
month = apr
}

@article{Collin:2013ex,
author = {Collin, Philippe and Nashchekina, Oxana and Walker, Rachael and Pines, Jonathon},
title = {{The spindle assembly checkpoint works like a rheostat rather than a toggle switch.}},
journal = {Nature Cell Biology},
year = {2013},
volume = {15},
number = {11},
pages = {1378--1385},
month = oct
}

@article{Perdiz:2011cm,
author = {Perdiz, Daniel and Mackeh, Rafah and Po{\"u}s, Christian and Baillet, Anita},
title = {{The ins and outs of tubulin acetylation: More than just a post-translational modification?}},
journal = {Cellular Signalling},
year = {2011},
volume = {23},
number = {5},
pages = {763--771},
month = may
}

@article{Janke:2011wz,
author = {Janke, Carsten and Bulinski, Jeannette Chlo{\"e}},
title = {{Post-translational regulation of the microtubule cytoskeleton: mechanisms and functions}},
journal = {Nature Reviews Molecular Cell Biology},
year = {2011},
volume = {12},
number = {12},
pages = {773--786}
}

@article{Westermann:2003iu,
author = {Westermann, Stefan and Weber, Klaus},
title = {{Post-translational modifications regulate microtubule function}},
journal = {Nature Reviews Molecular Cell Biology},
year = {2003},
volume = {4},
number = {12},
pages = {938--948},
month = dec
}

@article{Sirajuddin:2014hs,
author = {Sirajuddin, Minhajuddin and Rice, Luke M and Vale, Ronald D},
title = {{Regulation of microtubule motors by tubulin isotypes and post-translational modifications}},
journal = {Nature Cell Biology},
year = {2014},
pages = {--},
month = mar
}

@article{Sharp:2012dz,
author = {Sharp, David J and Ross, Jennifer L},
title = {{Microtubule-severing enzymes at the cutting edge.}},
journal = {Journal of Cell Science},
year = {2012},
volume = {125},
number = {Pt 11},
pages = {2561--2569},
month = jun
}

@article{Cross:2014fm,
author = {Cross, Robert A and McAinsh, Andrew},
title = {{Prime movers: the mechanochemistry of mitotic kinesins}},
journal = {Nature Reviews Molecular Cell Biology},
year = {2014},
volume = {15},
number = {4},
pages = {257--271},
month = mar
}

@article{Sluder:tq,
author = {Sluder, G and Thompson, E A and Miller, F J and Hayes, J and Rieder, C L},
title = {{The checkpoint control for anaphase onset does not monitor excess numbers of spindle poles or bipolar spindle symmetry}}
}

@article{Shuster:1999gy,
author = {Shuster, C B},
title = {{Parameters that Specify the Timing of Cytokinesis}},
journal = {The Journal of Cell Biology},
year = {1999},
volume = {146},
number = {5},
pages = {981--992},
month = sep
}

@article{Li:2010dv,
author = {Li, R and Bowerman, B},
title = {{Symmetry Breaking in Biology}},
journal = {Cold Spring Harbor Perspectives in Biology},
year = {2010},
volume = {2},
number = {3},
pages = {a003475--a003475},
month = mar
}

@techreport{Mchedlishvili:2012uy,
author = {Mchedlishvili, Nunu},
title = {{Nunu Mchedlishvili PhD Thesis}},
year = {2012},
number = {DISS. ETH NO. 20451},
month = apr
}

@article{Salisbury:2002vt,
author = {Salisbury, Jeffrey L and Suino, Kelly M and Busby, Robert and Springett, Margaret},
title = {{Centrin-2 is required for centriole duplication in mammalian cells.}},
journal = {Current biology : CB},
year = {2002},
volume = {12},
number = {15},
pages = {1287--1292},
month = aug
}

@article{Li:2012ix,
author = {Li, Ji and Kim, Sehyun and Kobayashi, Tetsuo and Liang, Feng-Xia and Korzeniewski, Nina and Duensing, Stefan and Dynlacht, Brian D},
title = {{Neurl4, a novel daughter centriole protein, prevents formation of ectopic microtubule organizing centres}},
journal = {EMBO reports},
year = {2012},
volume = {13},
number = {6},
pages = {547--553},
month = mar
}

@article{Mennella:2013ip,
author = {Mennella, Vito and Agard, David A and Huang, Bo and Pelletier, Laurence},
title = {{Amorphous no more: subdiffraction view of the pericentriolar material architecture}},
journal = {Trends in Cell Biology},
year = {2013},
month = nov
}

@article{Lawo:2012fz,
author = {Lawo, Steffen and Hasegan, Monica and Gupta, Gagan D and Pelletier, Laurence},
title = {{Subdiffraction imaging of centrosomes reveals higher-order organizational features of pericentriolar material.}},
journal = {Nature Cell Biology},
year = {2012},
volume = {14},
number = {11},
pages = {1148--1158},
month = oct
}

@article{Green:2012jg,
author = {Green, Rebecca A and Paluch, Ewa and Oegema, Karen},
title = {{Cytokinesis in Animal Cells.}},
journal = {Annual review of cell and developmental biology},
year = {2012},
month = jul
}

@article{Fededa:2012cb,
author = {Fededa, Juan Pablo and Gerlich, Daniel W},
title = {{Molecular control of animal cell cytokinesis.}},
journal = {Nature Cell Biology},
year = {2012},
volume = {14},
number = {5},
pages = {440--447},
month = may
}

@article{Schneider:2003gl,
author = {Schneider, Stephan Q and Bowerman, Bruce},
title = {{Cell polarity and the cytoskeleton in the Caenorhabditis elegans zygote.}},
journal = {Annual review of genetics},
year = {2003},
volume = {37},
pages = {221--249}
}

@article{Wandke:wo,
author = {Wandke, Cornelia and Barisic, Marin and Sigl, Reinhard and Rauch, Veronika and Wolf, Frank and Amaro, Ana C and Tan, Chia H and Pereira, Ant{\'o}nio J and Kutay, Ulrike and Maiato, Helder and Meraldi, Patrick and Geley, Stephan},
title = {{Human chromokinesins promote chromosome congression and spindle microtubule dynamics during mitosis.}},
journal = {The Journal of Cell Biology},
year = {2012},
volume = {198},
number = {5},
pages = {847--863},
month = sep
}

@article{Banerjee:2014ci,
author = {Banerjee, B and Kestner, C A and Stukenberg, P T},
title = {{EB1 enables spindle microtubules to regulate centromeric recruitment of Aurora B}},
journal = {The Journal of Cell Biology},
year = {2014},
volume = {204},
number = {6},
pages = {947--963},
month = mar
}

@article{FitzHarris:2012hr,
author = {FitzHarris, Greg},
title = {{Anaphase B precedes anaphase A in the mouse egg.}},
journal = {Current biology : CB},
year = {2012},
volume = {22},
number = {5},
pages = {437--444},
month = mar
}

@article{Peel:2007gu,
author = {Peel, Nina and Stevens, Naomi R and Basto, Renata and Raff, Jordan W},
title = {{Overexpressing centriole-replication proteins in vivo induces centriole overduplication and de novo formation.}},
journal = {Current biology : CB},
year = {2007},
volume = {17},
number = {10},
pages = {834--843},
month = may
}

@article{Schaar:1997ep,
author = {Schaar, B T and Chan, G K and Maddox, P and Salmon, E D and Yen, T J},
title = {{CENP-E function at kinetochores is essential for chromosome alignment.}},
journal = {Journal of Cell Biology},
year = {1997},
volume = {139},
number = {6},
pages = {1373--1382},
month = dec
}

@article{Collins:2014fz,
author = {Collins, Elizabeth and Mann, Barbara J and Wadsworth, Patricia},
title = {{Eg5 restricts anaphase B spindle elongation in mammalian cells.}},
journal = {Cytoskeleton (Hoboken, NJ)},
year = {2014},
volume = {71},
number = {2},
pages = {136--144},
month = feb
}

@article{McEwen:2001us,
author = {McEwen, B F BF and Chan, G K GK and Zubrowski, B B and Savoian, M S MS and Sauer, M T MT and Yen, T J TJ},
title = {{CENP-E is essential for reliable bioriented spindle attachment, but chromosome alignment can be achieved via redundant mechanisms in mammalian cells.}},
journal = {Molecular Biology of the Cell},
year = {2001},
volume = {12},
number = {9},
pages = {2776--2789},
month = aug
}

@article{Gan:2011hj,
author = {Gan, Lu and Ladinsky, Mark S and Jensen, Grant J},
title = {{Organization of the Smallest Eukaryotic Spindle}},
journal = {Current Biology},
year = {2011},
volume = {21},
number = {18},
pages = {1578--1583},
month = sep
}

@book{McEwen:2007bd,
author = {McEwen, Bruce F and Dong, Yimin and VandenBeldt, Kristin J},
title = {{Methods in Cell Biology}},
publisher = {Elsevier},
year = {2007},
volume = {79},
series = {Methods in Cell Biology0091679X}
}

@article{Walter:2010ba,
author = {Walter, Thomas and Shattuck, David W and Baldock, Richard and Bastin, Mark E and Carpenter, Anne E and Duce, Suzanne and Ellenberg, Jan and Fraser, Adam and Hamilton, Nicholas and Pieper, Steve and Ragan, Mark A and Schneider, Jurgen E and Tomancak, Pavel and eacute, Jean-Karim H eacute rich},
title = {{Visualization of image data from cells to organisms}},
journal = {Nature Chemical Biology},
year = {2010},
volume = {7},
pages = {S26--S41},
month = mar
}

@article{ODonoghue:2010fj,
author = {O'Donoghue, Se{\'a}n I and Gavin, Anne-Claude and Gehlenborg, Nils and Goodsell, David S and H{\'e}rich{\'e}, Jean-Karim and Nielsen, Cydney B and North, Chris and Olson, Arthur J and Procter, James B and Shattuck, David W and Walter, Thomas and Wong, Bang},
title = {{Visualizing biological data---now and in the future}},
journal = {Nature Chemical Biology},
year = {2010},
volume = {7},
number = {3s},
pages = {S2--S4},
month = mar
}

@article{Wong:2011hc,
author = {Wong, Bang},
title = {{Points of view: Layout}},
journal = {Nature Chemical Biology},
year = {2011},
volume = {8},
number = {10},
pages = {783--783},
month = sep
}

@article{Gehlenborg:2012hw,
author = {Gehlenborg, Nils and Wong, Bang},
title = {{Points of view: Into the third dimension}},
journal = {Nature Chemical Biology},
year = {2012},
volume = {9},
number = {9},
pages = {851--851},
month = aug
}

@article{Gehlenborg:2012ug,
author = {Gehlenborg, N and Wong, B},
title = {{Points of view: Mapping quantitative data to color}},
journal = {Nature Methods},
year = {2012}
}

@article{Bornens:2012dw,
author = {Bornens, M},
title = {{The Centrosome in Cells and Organisms}},
journal = {Science (New York, NY)},
year = {2012},
volume = {335},
number = {6067},
pages = {422--426},
month = jan
}

@article{Nigg:2011br,
author = {Nigg, Erich A and Stearns, Tim},
title = {{The centrosome cycle: Centriole biogenesis, duplication and inherent asymmetries}},
journal = {Nature Cell Biology},
year = {2011},
volume = {13},
number = {10},
pages = {1154--1160},
month = oct
}

@article{BettencourtDias:2007fj,
author = {Bettencourt-Dias, M oacute nica and Glover, David M},
title = {{Centrosome biogenesis and function: centrosomics brings new understanding}},
journal = {Nature Reviews Molecular Cell Biology},
year = {2007},
volume = {8},
number = {6},
pages = {451--463},
month = jun
}

@article{Azimzadeh:2007fm,
author = {Azimzadeh, J and Bornens, M},
title = {{Structure and duplication of the centrosome}},
journal = {Journal of Cell Science},
year = {2007},
volume = {120},
number = {13},
pages = {2139--2142},
month = jun
}

@article{Azimzadeh:2012cl,
author = {Azimzadeh, J and Wong, M L and Downhour, D M and Alvarado, A S and Marshall, W F},
title = {{Centrosome Loss in the Evolution of Planarians}},
journal = {Science (New York, NY)},
year = {2012},
volume = {335},
number = {6067},
pages = {461--463},
month = jan
}

@article{Farzanfar:2006gf,
author = {Farzanfar, Ali},
title = {{The use of probiotics in shrimp aquaculture}},
journal = {FEMS Immunology and Medical Microbiology},
year = {2006},
volume = {48},
number = {2},
pages = {149--158},
month = nov
}

@article{Miller:1988uh,
author = {Miller, Jeff and Haden, Patricia},
title = {{Statistical Analysis with The General Linear Model1}},
year = {1988}
}

@article{Wong:2011hp,
author = {Wong, Bang},
title = {{Points of view: Salience to relevance}},
journal = {Nature Chemical Biology},
year = {2011},
volume = {8},
number = {11},
pages = {889--889},
month = oct
}

@article{Wong:2011jt,
author = {Wong, Bang},
title = {{Points of view: The design process}},
journal = {Nature Chemical Biology},
year = {2011},
volume = {8},
number = {12},
pages = {987--987},
month = nov
}

@article{Shoresh:2011bo,
author = {Shoresh, Noam and Wong, Bang},
title = {{Points of view: Data exploration}},
journal = {Nature Chemical Biology},
year = {2011},
volume = {9},
number = {1},
pages = {5--5},
month = dec
}

@article{Luders:2012cr,
author = {L{\"u}ders, Jens},
title = {{The amorphous pericentriolar cloud takes shape}},
journal = {Nature Cell Biology},
year = {2012},
volume = {14},
number = {11},
pages = {1126--1128},
month = nov
}

@article{Mennella:2012ju,
author = {Mennella, V and Keszthelyi, B and McDonald, K L and Chhun, B and Kan, F and Rogers, G C and Huang, B and Agard, D A},
title = {{Subdiffraction-resolution fluorescence microscopy reveals a domain of the centrosome critical for pericentriolar material organization}},
journal = {Nature Cell Biology},
year = {2012},
volume = {14},
number = {11},
pages = {1159--1168},
month = oct
}

@article{WorldMags:2011uo,
author = {{WorldMags}},
title = {{Mountain Biking UK - March 2013}},
year = {2011},
pages = {1--188},
month = oct
}

@article{Anonymous:mB7a_O1c,
title = {{digital-arts-2013-01-jan}},
year = {2013},
pages = {1--68},
month = jan
}

@article{WorldMags:2011wb,
author = {{WorldMags}},
title = {{Computer Arts - February 2013}},
year = {2011},
pages = {1--116},
month = oct
}

@article{Collins:ui,
author = {Collins, Elizabeth S and Balchand, Sai Keshavan and Faraci, Jessica L and Wadsworth, Patricia and Lee, Wei-Lih},
title = {{Cell cycle--regulated cortical dynein/dynactin promotes symmetric cell division by differential pole motion in anaphase}},
journal = {molbiolcell.org}
}

@article{Park:2013ev,
author = {Park, Joonhyun and Rhee, Kunsoo},
title = {{NEK2 phosphorylation antagonizes the microtubule stabilizing activity of centrobin.}},
journal = {Biochemical and biophysical research communications},
year = {2013},
volume = {431},
number = {2},
pages = {302--308},
month = feb
}

@article{Januschke:2013fu,
author = {Januschke, J and Reina, J and Llamazares, S and Bertran, T and Rossi, F and Roig, J and Gonzalez, C},
title = {{Centrobin controls mother-daughter centriole asymmetry in Drosophila neuroblasts.}},
journal = {Nature Cell Biology},
year = {2013},
month = jan
}

@article{Roostalu:2010tv,
author = {Roostalu, Johanna and Schiebel, Elmar and Khmelinskii, Anton},
title = {{Cell cycle control of spindle elongation.}},
journal = {Cell cycle (Georgetown, Tex)},
year = {2010},
volume = {9},
number = {6},
pages = {1084--1090},
month = mar
}

@article{Januschke:2011kn,
author = {Januschke, Jens and Llamazares, Salud and Reina, Jose and Gonzalez, Cayetano},
title = {{Drosophila neuroblasts retain the daughter centrosome.}},
journal = {Nature Communications},
year = {2011},
volume = {2},
pages = {243}
}

@article{Lee:2010kn,
author = {Lee, Jungmin and Jeong, Yeontae and Jeong, Saimi and Rhee, Kunsoo},
title = {{Centrobin/NIP2 is a microtubule stabilizer whose activity is enhanced by PLK1 phosphorylation during mitosis.}},
journal = {The Journal of biological chemistry},
year = {2010},
volume = {285},
number = {33},
pages = {25476--25484},
month = aug
}

@article{Jeffery:2010iy,
author = {Jeffery, J M and Urquhart, A J and Subramaniam, V N and Parton, R G and Khanna, K K},
title = {{Centrobin regulates the assembly of functional mitotic spindles.}},
journal = {Oncogene},
year = {2010},
volume = {29},
number = {18},
pages = {2649--2658},
month = may
}

@article{Feltovich:2003vt,
author = {Feltovich, Nick},
title = {{Nonparametric tests of differences in medians: comparison of the Wilcoxon--Mann--Whitney and robust rank-order tests}},
journal = {Experimental Economics},
year = {2003},
volume = {6},
number = {3},
pages = {273--297}
}

@article{DAvino:2005kc,
author = {D'Avino, P P},
title = {{Cleavage furrow formation and ingression during animal cytokinesis: a microtubule legacy}},
journal = {Journal of Cell Science},
year = {2005},
volume = {118},
number = {8},
pages = {1549--1558},
month = mar
}

@article{Uehara:2010gs,
author = {Uehara, Ryota and Goshima, Gohta},
title = {{Functional central spindle assembly requires de novo microtubule generation in the interchromosomal region during anaphase.}},
journal = {The Journal of Cell Biology},
year = {2010},
volume = {191},
number = {2},
pages = {259--267},
month = oct
}

@article{Hart:2001um,
author = {Hart, Anna},
title = {{Mann-Whitney test is not just a test of medians: differences in spread can be important}},
journal = {BMJ : British Medical Journal},
year = {2001},
volume = {323},
number = {7309},
pages = {391},
month = aug
}

@article{Rago:2013ef,
author = {Rago, Florencia and Cheeseman, Iain M},
title = {{The functions and consequences of force at kinetochores.}},
journal = {The Journal of Cell Biology},
year = {2013},
volume = {200},
number = {5},
pages = {557--565},
month = mar
}

@article{Cumming:wv,
author = {Cumming, Geoff and Fidler, Fiona and Vaux, David L},
title = {{Error bars in experimental biology}},
journal = {jcb.rupress.org}
}

@article{Matos:2011bt,
author = {Matos, I and Maiato, H},
title = {{Prevention and correction mechanisms behind anaphase synchrony: implications for the genesis of aneuploidy.}},
journal = {Cytogenetic and genome research},
year = {2011},
volume = {133},
number = {2-4},
pages = {243--253}
}

@article{Chan:td,
author = {Chan, Ying Wai and Jeyaprakash, A Arockia and Nigg, Erich A and Santamaria, Anna},
title = {{Aurora B controls kinetochore--microtubule attachments by inhibiting Ska complex--KMN network interaction}}
}

@article{Barr:2007fp,
author = {Barr, Francis A. and Gruneberg, Ulrike},
title = {{Cytokinesis: Placing and Making the Final Cut}},
journal = {Cell},
year = {2007},
volume = {131},
number = {5},
pages = {847--860},
month = nov
}

@article{Welburn:2010ks,
author = {Welburn, Julie P I and Vleugel, Mathijs and Liu, Dan and Yates, John R and Lampson, Michael A and Fukagawa, Tatsuo and Cheeseman, Iain M},
title = {{Aurora B phosphorylates spatially distinct targets to differentially regulate the kinetochore-microtubule interface.}},
journal = {Molecular cell},
year = {2010},
volume = {38},
number = {3},
pages = {383--392},
month = may
}

@article{Wang:tg,
author = {Wang, Enxiu and Ballister, Edward R and Lampson, Michael A},
title = {{Aurora B dynamics at centromeres create a diffusion-based phosphorylation gradient}},
journal = {jcb.rupress.org}
}

@webpage{Anonymous:DSlTeisR,
title = {{nature.com}},
url = {http://www.nature.com/ncb/journal/v15/n3/extref/ncb2671-s1.pdf}
}

@article{Uetake:2007df,
author = {Uetake, Yumi and Loncarek, Jadranka and Nordberg, Joshua J and English, Christopher N and La Terra, Sabrina and Khodjakov, Alexey and Sluder, Greenfield},
title = {{Cell cycle progression and de novo centriole assembly after centrosomal removal in untransformed human cells.}},
journal = {Journal of Cell Biology},
year = {2007},
volume = {176},
number = {2},
pages = {173--182},
month = jan
}

@article{Conduit:2013fl,
author = {Conduit, Paul T},
title = {{The dominant force of Centrobin in centrosome asymmetry}},
journal = {Nature Cell Biology},
year = {2013},
volume = {15},
number = {3},
pages = {235--237},
month = mar
}

@article{Inanc:2010ky,
author = {Inanc, B and Dodson, H and Morrison, C G},
title = {{A Centrosome-autonomous Signal That Involves Centriole Disengagement Permits Centrosome Duplication in G2 Phase after DNA Damage}},
journal = {Molecular Biology of the Cell},
year = {2010},
volume = {21},
number = {22},
pages = {3866--3877},
month = nov
}

@article{Stephens:vz,
author = {Stephens, Andrew D and Haggerty, Rachel A and Vasquez, Paula A and Vicci, Leandra and Snider, Chloe E and Shi, Fu and Quammen, Cory and Mullins, Christopher and Haase, Julian and Taylor, Russell M and Verdaasdonk, Jolien S and Falvo, Michael R and Jin, Yuan and Forest, M Gregory and Bloom, Kerry},
title = {{Pericentric chromatin loops function as a nonlinear spring in mitotic force balance}},
journal = {jcb.rupress.org}
}

@article{Mchedlishvili:ux,
author = {Mchedlishvili, Nunu and Wieser, Samuel and Holtackers, Ren{\'e} and Mouysset, Julien and Belwal, Mukta and Amaro, Ana C and Meraldi, Patrick},
title = {{Kinetochores accelerate centrosome separation to ensure faithful chromosome segregation}},
journal = {jcs.biologists.org}
}

@article{SilvermanGavrila:2000vd,
author = {Silverman-Gavrila, R V and Forer, A},
title = {{Evidence that actin and myosin are involved in the poleward flux of tubulin in metaphase kinetochore microtubules of crane-fly spermatocytes.}},
journal = {Journal of Cell Science},
year = {2000},
volume = {113 ( Pt 4)},
pages = {597--609},
month = jan
}

@article{Fei:2013eh,
author = {Fei, Na and Zhao, Liping},
title = {{An opportunistic pathogen isolated from the gut of an obese human causes obesity in germfree mice.}},
journal = {The ISME journal},
year = {2013},
volume = {7},
number = {4},
pages = {880--884},
month = apr
}

@article{Piperno:uh,
author = {Piperno, G and LeDizet, M and Chang, X J},
title = {{Microtubules containing acetylated alpha-tubulin in mammalian cells in culture.}}
}

@article{Anonymous:tPusyv8b,
title = {{}}
}

@article{Waters:1996va,
author = {Waters, J C and Mitchison, T J and Rieder, C L and Salmon, E D},
title = {{The kinetochore microtubule minus-end disassembly associated with poleward flux produces a force that can do work.}},
journal = {Molecular Biology of the Cell},
year = {1996},
volume = {7},
number = {10},
pages = {1547--1558},
month = oct
}

@article{Hanahan:2011gu,
author = {Hanahan, Douglas and Weinberg, Robert A},
title = {{Hallmarks of Cancer: The Next Generation}},
journal = {Cell},
year = {2011},
volume = {144},
number = {5},
pages = {646--674},
month = mar
}

@article{Hanahan:2000hx,
author = {Hanahan, Douglas and Weinberg, Robert A},
title = {{The Hallmarks of Cancer}},
journal = {Cell},
year = {2000},
volume = {100},
number = {1},
pages = {57--70},
month = jan
}

@article{Logarinho:2012hx,
author = {Logarinho, Elsa and Maffini, Stefano and Barisic, Marin and Marques, Andrea and Toso, Alberto and Meraldi, Patrick and Maiato, Helder},
title = {{CLASPs prevent irreversible multipolarity by ensuring spindle-pole resistance to traction forces during chromosome alignment}},
journal = {Nature Cell Biology},
year = {2012},
volume = {14},
number = {3},
pages = {295--303},
month = feb
}

@article{Subramanian:2013fi,
author = {Subramanian, Radhika and Ti, Shih-Chieh and Tan, Lei and Darst, Seth A and Kapoor, Tarun M},
title = {{Marking and Measuring Single Microtubules by PRC1 and Kinesin-4}},
journal = {Cell},
year = {2013},
volume = {154},
number = {2},
pages = {377--390},
month = jul
}

@article{Sansregret:2013hm,
author = {Sansregret, Laurent and Petronczki, Mark},
title = {{Born Equal: Dual Safeguards for Daughter Cell Size Symmetry}},
journal = {Cell},
year = {2013},
volume = {154},
number = {2},
pages = {269--271},
month = jul
}

@article{White:2000bj,
author = {White, Richard A and Pan, Zhang and Salisbury, Jeffrey L},
title = {{GFP-centrin as a marker for centriole dynamics in living cells}},
journal = {Microscopy Research and Technique},
year = {2000},
volume = {49},
number = {5},
pages = {451--457},
month = jun
}

@article{Pereira:1997wt,
author = {Pereira, G and Schiebel, E},
title = {{Centrosome-microtubule nucleation.}},
journal = {Journal of Cell Science},
year = {1997},
volume = {110 ( Pt 3)},
pages = {295--300},
month = feb
}

@article{Wallace:2001uy,
author = {Wallace, W W and Schaefer, L H LH and Swedlow, J R JR},
title = {{A workingperson's guide to deconvolution in light microscopy.}},
journal = {Biotechniques},
year = {2001},
volume = {31},
number = {5},
pages = {1076--passim},
month = oct
}

@article{Gombos:2013cp,
author = {Gombos, Linda and Neuner, Annett and Berynskyy, Mykhaylo and Fava, Luca L and Wade, Rebecca C and Sachse, Carsten and Schiebel, Elmar},
title = {{GTP regulates the microtubule nucleation activity of
$\gamma$-tubulin}},
journal = {Nature Cell Biology},
year = {2013},
volume = {15},
number = {11},
pages = {1317--1327},
month = nov
}

@article{Kollman:2011gj,
author = {Kollman, Justin M and Merdes, Andreas and Mourey, Lionel and Agard, David A},
title = {{Microtubule nucleation by $\gamma$-tubulin complexes}},
journal = {Nature Reviews Molecular Cell Biology},
year = {2011},
volume = {12},
number = {11},
pages = {709--721},
month = oct
}

@article{OToole:2012dg,
author = {O'Toole, Eileen and Greenan, Garrett and Lange, Karen I and Srayko, Martin and M{\"u}ller-Reichert, Thomas},
title = {{The Role of $\gamma$-Tubulin in Centrosomal Microtubule Organization}},
journal = {PLoS ONE},
year = {2012},
volume = {7},
number = {1},
pages = {e29795},
month = jan
}

@article{Fu:2012kc,
author = {Fu, Jingyan and Glover, David M},
title = {{Structured illumination of the interface between centriole and peri-centriolar material.}},
journal = {Open biology},
year = {2012},
volume = {2},
number = {8},
pages = {120104},
month = aug
}

@article{Haren:2009fe,
author = {Haren, Laurence and Stearns, Tim and L{\"u}ders, Jens},
title = {{Plk1-Dependent Recruitment of gamma-Tubulin Complexes to Mitotic Centrosomes Involves Multiple PCM Components}},
journal = {PLoS ONE},
year = {2009},
volume = {4},
number = {6},
pages = {--e5976}
}

@article{JunYin:2008wn,
author = {Jun Yin, Hanjie Zhang Jianping Ye},
title = {{Traditional Chinese Medicine in Treatment of Metabolic Syndrome}},
journal = {Endocrine, metabolic {\&} immune disorders drug targets},
year = {2008},
volume = {8},
number = {2},
pages = {99},
month = jun
}

@article{Laara:2009tp,
author = {L{\"a}{\"a}r{\"a}, Esa},
title = {{Statistics: reasoning on uncertainty, and the insignificance of testing null}},
year = {2009},
volume = {46},
number = {2},
pages = {138--157}
}

@article{Foley:2009im,
author = {Foley, Emily A and Kapoor, Tarun M},
title = {{Chromosome congression: on the bi-orient express}},
journal = {Nature Cell Biology},
year = {2009},
volume = {11},
number = {7},
pages = {787--789},
month = jul
}

@article{Vladimirou:2011ji,
author = {Vladimirou, Elina and Harry, Ed and Burroughs, Nigel and Mcainsh, Andrew D},
title = {{Springs, clutches and motors: driving forward kinetochore mechanism by modelling.}},
journal = {Chromosome research : an international journal on the molecular, supramolecular and evolutionary aspects of chromosome biology},
year = {2011},
volume = {19},
number = {3},
pages = {409--421},
month = apr
}

@article{OSTERGREN:1951uk,
author = {OSTERGREN, G},
title = {{The Mechanism of Co-Orientation in Bivalents and Multivalents - the Theory of Orientation by Pulling}},
journal = {Hereditas},
year = {1951},
volume = {37},
number = {1-2},
pages = {85--156}
}

@article{vonDassow:2009ev,
author = {von Dassow, George},
title = {{Concurrent cues for cytokinetic furrow induction in animal cells}},
journal = {Trends in Cell Biology},
year = {2009},
volume = {19},
number = {4},
pages = {165--173},
month = apr
}

@article{Anonymous:ITTLJ7hm,
title = {{2010 Samuels}},
year = {2011},
pages = {1--622},
month = aug
}

@article{Waters:2009ep,
author = {Waters, J C},
title = {{Accuracy and precision in quantitative fluorescence microscopy}},
journal = {The Journal of Cell Biology},
year = {2009},
volume = {185},
number = {7},
pages = {1135--1148},
month = jun
}

@article{Hiraoka:1990id,
author = {Hiraoka, Y and Sedat, J W and Agard, D A},
title = {{Determination of three-dimensional imaging properties of a light microscope system. Partial confocal behavior in epifluorescence microscopy}},
journal = {Biophysical journal},
year = {1990},
volume = {57},
number = {2},
pages = {325--333},
month = feb
}

@article{BermudezAlmada:ur,
author = {Berm{\'u}dez-Almada, M C and Espinosa-Plascencia, A},
title = {{The Use of Antibiotics in Shrimp Farming}}
}

@article{Khodjakov:2001ja,
author = {Khodjakov, A},
title = {{Centrosomes Enhance the Fidelity of Cytokinesis in Vertebrates and Are Required for Cell Cycle Progression}},
journal = {The Journal of Cell Biology},
year = {2001},
volume = {153},
number = {1},
pages = {237--242},
month = apr
}

@article{Hinchcliffe:2001eo,
author = {Hinchcliffe, E H},
title = {{Requirement of a Centrosomal Activity for Cell Cycle Progression Through G1 into S Phase}},
journal = {Science (New York, NY)},
year = {2001},
volume = {291},
number = {5508},
pages = {1547--1550},
month = feb
}

@booklet{StephenJHall:2011wu,
title = {{Blue Frontiers}},
author = {Stephen J Hall, Anne Delaporte Michael J Phillips Malcolm Beveridge Mark O'Keefe},
year = {2011}
}

@article{Kiyomitsu:2012cf,
author = {Kiyomitsu, Tomomi and Cheeseman, Iain M},
title = {{Chromosome- and spindle-pole-derived signals generate an intrinsic code for spindle position and orientation}},
journal = {Nature Cell Biology},
year = {2012},
volume = {14},
number = {3},
pages = {311--317},
month = feb
}

@article{Kiyomitsu:2013fv,
author = {Kiyomitsu, Tomomi and Cheeseman, Iain M},
title = {{Cortical Dynein and Asymmetric Membrane Elongation Coordinately Position the Spindle in Anaphase}},
journal = {Cell},
year = {2013},
volume = {154},
number = {2},
pages = {391--402},
month = jul
}

@article{Bringmann:2005fg,
author = {Bringmann, Henrik and Hyman, Anthony A},
title = {{A cytokinesis furrow is positioned by two consecutive signals.}},
journal = {Nature},
year = {2005},
volume = {436},
number = {7051},
pages = {731--734},
month = aug
}

@article{Lange:2002vj,
author = {Lange, Bodo M H},
title = {{Integration of the centrosome in cell cycle control, stress response and signal transduction pathways.}},
journal = {Current Opinion in Cell Biology},
year = {2002},
volume = {14},
number = {1},
pages = {35--43},
month = feb
}

@article{Quintyne:2002he,
author = {Quintyne, Nicholas J and Schroer, Trina A},
title = {{Distinct cell cycle-dependent roles for dynactin and dynein at centrosomes.}},
journal = {Journal of Cell Biology},
year = {2002},
volume = {159},
number = {2},
pages = {245--254},
month = oct
}

@article{Burgess:2005kv,
author = {Burgess, David R and Chang, Fred},
title = {{Site selection for the cleavage furrow at cytokinesis}},
journal = {Trends in Cell Biology},
year = {2005},
volume = {15},
number = {3},
pages = {156--162},
month = mar
}

@article{Pereira:2012fm,
author = {Pereira, Ant{\'o}nio J and Maiato, Helder},
title = {{Maturation of the kinetochore-microtubule interface and the meaning of metaphase}},
journal = {Chromosome research : an international journal on the molecular, supramolecular and evolutionary aspects of chromosome biology},
year = {2012},
volume = {20},
number = {5},
pages = {563--577},
month = jul
}

@article{Matos:2009bg,
author = {Matos, Irina and Pereira, Ant{\'o}nio J and Lince-Faria, Mariana and Cameron, Lisa A and Salmon, Edward D and Maiato, Helder},
title = {{Synchronizing chromosome segregation by flux-dependent force equalization at kinetochores.}},
journal = {The Journal of Cell Biology},
year = {2009},
volume = {186},
number = {1},
pages = {11--26},
month = jul
}

@article{Ganem:2006fk,
author = {Ganem, Neil J and Compton, Duane A},
title = {{Functional Roles of Poleward Microtubule Flux During Mitosis}},
journal = {Cell cycle (Georgetown, Tex)},
year = {2006},
volume = {5},
number = {5},
pages = {481--485},
month = mar
}

@article{Norden:2006ek,
author = {Norden, Caren and Mendoza, Manuel and Dobbelaere, Jeroen and Kotwaliwale, Chitra V and Biggins, Sue and Barral, Yves},
title = {{The NoCut Pathway Links Completion of Cytokinesis to Spindle Midzone Function to Prevent Chromosome Breakage}},
journal = {Cell},
year = {2006},
volume = {125},
number = {1},
pages = {85--98},
month = apr
}

@article{Steigemann:2009iy,
author = {Steigemann, Patrick and Wurzenberger, Claudia and Schmitz, Michael H A and Held, Michael and Guizetti, Julien and Maar, Sandra and Gerlich, Daniel W},
title = {{Aurora B-Mediated Abscission Checkpoint Protects against Tetraploidization}},
journal = {Cell},
year = {2009},
volume = {136},
number = {3},
pages = {473--484},
month = feb
}

@article{Canman:2003fx,
author = {Canman, Julie C and Cameron, Lisa A and Maddox, Paul S and Straight, Aaron and Tirnauer, Jennifer S and Mitchison, Timothy J and Fang, Guowei and Kapoor, Tarun M and Salmon, E D},
title = {{Determining the position of the cell division plane.}},
journal = {Nature},
year = {2003},
volume = {424},
number = {6952},
pages = {1074--1078},
month = aug
}

@article{Collins:2012dd,
author = {Collins, E S and Balchand, S K and Faraci, J L and Wadsworth, P and Lee, W L},
title = {{Cell cycle-regulated cortical dynein/dynactin promotes symmetric cell division by differential pole motion in anaphase}},
journal = {Molecular Biology of the Cell},
year = {2012},
volume = {23},
number = {17},
pages = {3380--3390},
month = aug
}

@webpage{Anonymous:r3Bgeg-s,
title = {{Reporting Statistical Results in Your Paper
}},
url = {http://abacus.bates.edu/~ganderso/biology/resources/writing/HTW_Guide_Reporting_Statistics_3-7-2011.pdf}
}

@article{Klimek:2012tz,
author = {Klimek, Peter and Yegorov, Yuri and Hanel, Rudolf and Thurner, Stefan},
title = {{It's not the voting that's democracy, it's the counting: Statistical detection of systematic election irregularities}},
journal = {arXiv preprint arXiv:1201.3087},
year = {2012}
}

@article{Krzywinski:2013bi,
author = {Krzywinski, Martin and Cairo, Alberto},
title = {{Points of view: Storytelling}},
journal = {Nature Chemical Biology},
year = {2013},
volume = {10},
number = {8},
pages = {687--687},
month = jul
}

@article{Krzywinski:2013dl,
author = {Krzywinski, Martin},
title = {{Points of view: Elements of visual style}},
journal = {Nature Chemical Biology},
year = {2013},
volume = {10},
number = {5},
pages = {371--371},
month = apr
}

@article{Krzywinski:2013hl,
author = {Krzywinski, Martin and Wong, Bang},
title = {{Points of view: Plotting symbols}},
journal = {Nature Chemical Biology},
year = {2013},
volume = {10},
number = {6},
pages = {451--451},
month = may
}

@article{Wong:2012gr,
author = {Wong, Bang},
title = {{Points of view: Visualizing biological data}},
journal = {Nature Chemical Biology},
year = {2012},
volume = {9},
number = {12},
pages = {1131--1131},
month = dec
}

@article{Krzywinski:2013hq,
author = {Krzywinski, Martin and Savig, Erica},
title = {{Points of view: Multidimensional data}},
journal = {Nature Chemical Biology},
year = {2013},
volume = {10},
number = {7},
pages = {595--595},
month = jun
}

@article{LaTerra:2005ie,
author = {La Terra, S and English, C N and Hergert, P and Mcewen, B F and Sluder, G and Khodjakov, A},
title = {{The de novo centriole assembly pathway in HeLa cells: Cell cycle progression and centriole assembly/maturation}},
journal = {Journal of Cell Biology},
year = {2005},
volume = {168},
number = {5},
pages = {713--722}
}

@article{Carmena:2003hv,
author = {Carmena, Mar and Earnshaw, William C},
title = {{The cellular geography of Aurora kinases}},
journal = {Nature Reviews Molecular Cell Biology},
year = {2003},
volume = {4},
number = {11},
pages = {842--854},
month = nov
}

@booklet{Vorobyev:2011uw,
title = {{Towards Detecting and Measuring Ballot Stuffing}},
author = {Vorobyev, Dmitriy},
year = {2011}
}

@article{Yan:2006kc,
author = {Yan, Xiumin and Habedanck, Robert and Nigg, Erich A},
title = {{A complex of two centrosomal proteins, CAP350 and FOP, cooperates with EB1 in microtubule anchoring.}},
journal = {Molecular Biology of the Cell},
year = {2006},
volume = {17},
number = {2},
pages = {634--644},
month = feb
}

@article{Varma:2013gpa,
author = {Varma, Dileep and Wan, Xiaohu and Cheerambathur, Dhanya and Gassmann, Reto and Suzuki, Aussie and Lawrimore, Josh and Desai, Arshad and Salmon, E D},
title = {{Spindle assembly checkpoint proteins are positioned close to core microtubule attachment sites at kinetochores.}},
journal = {The Journal of Cell Biology},
year = {2013},
volume = {202},
number = {5},
pages = {735--746},
month = sep
}

@article{Cimini:2006be,
author = {Cimini, Daniela and Wan, Xiaohu and Hirel, Christophe B and Salmon, E D},
title = {{Aurora kinase promotes turnover of kinetochore microtubules to reduce chromosome segregation errors.}},
journal = {Current biology : CB},
year = {2006},
volume = {16},
number = {17},
pages = {1711--1718},
month = sep
}

@article{Vorobjev:1999vk,
author = {Vorobjev, I A and Rodionov, V I and Maly, I V and Borisy, G G},
title = {{Contribution of plus and minus end pathways to microtubule turnover.}},
journal = {Journal of Cell Science},
year = {1999},
volume = {112 ( Pt 14)},
pages = {2277--2289},
month = jul
}

@webpage{Anonymous:feACWDMz,
title = {{Categorical Data Analysis
}},
url = {http://www3.nd.edu/~rwilliam/stats1/x51.pdf}
}

@article{Saxton:1984ho,
author = {Saxton, W M},
title = {{Tubulin dynamics in cultured mammalian cells}},
journal = {The Journal of Cell Biology},
year = {1984},
volume = {99},
number = {6},
pages = {2175--2186},
month = dec
}

@article{Zhai:1995vj,
author = {Zhai, Y and Kronebusch, P J and Borisy, G G},
title = {{Kinetochore microtubule dynamics and the metaphase-anaphase transition.}},
journal = {Journal of Cell Biology},
year = {1995},
volume = {131},
number = {3},
pages = {721--734},
month = nov
}

@article{Mitchison:1984cf,
author = {Mitchison, Tim and Kirschner, Marc},
title = {{Dynamic instability of microtubule growth}},
journal = {Nature},
year = {1984},
volume = {312},
number = {5991},
pages = {237--242},
month = nov
}

@article{Mitchison:g--R9K1U,
author = {Mitchison, T J},
title = {{Polewards microtubule flux in the mitotic spindle: evidence from photoactivation of fluorescence.}},
journal = {jcb.rupress.org}
}

@article{Salmon:1984jl,
author = {Salmon, E D},
title = {{Spindle microtubule dynamics in sea urchin embryos: analysis using a fluorescein-labeled tubulin and measurements of fluorescence redistribution after laser photobleaching}},
journal = {The Journal of Cell Biology},
year = {1984},
volume = {99},
number = {6},
pages = {2165--2174},
month = dec
}

@article{Ferreira:2014kj,
author = {Ferreira, Jorge G and Pereira, Ana L and Maiato, Helder},
title = {{Microtubule plus-end tracking proteins and their roles in cell division.}},
journal = {International review of cell and molecular biology},
year = {2014},
volume = {309},
pages = {59--140}
}

@article{Dick:2013jh,
author = {Dick, Amalie E and Gerlich, Daniel W},
title = {{Kinetic framework of spindle assembly checkpoint signalling}},
journal = {Nature Cell Biology},
year = {2013},
month = oct
}

@article{Zou:wc,
author = {Zou, Kelly H and Fielding, Julia R and Silverman, Stuart G and Tempany, Clare M C},
title = {{Hypothesis Testing I: Proportions1}},
journal = {radiology.rsna.org}
}

@article{Espenel:vm,
author = {Espenel, Cedric and Acharya, Bipul R and Kreitzer, Geri},
title = {{A biosensor of local kinesin activity reveals roles of PKC and EB1 in KIF17 activation}},
journal = {jcb.rupress.org}
}

@webpage{Anonymous:TRliRknk,
title = {{Cell Adhesion: Sizing Up a Sticky Situation}},
url = {http://www.sciencedirect.com/science/article/pii/S0960982213012591}
}

@webpage{Anonymous:MY1RaNPR,
title = {{Cohesion fatigue}},
url = {http://www.sciencedirect.com/science/article/pii/S0960982213010233#}
}

@article{Krzywinski:2013hf,
author = {Krzywinski, Martin and Altman, Naomi},
title = {{Points of Significance: Error bars}},
journal = {Nature Chemical Biology},
year = {2013},
volume = {10},
number = {10},
pages = {921--922},
month = sep
}

@article{Krzywinski:2013dla,
author = {Krzywinski, Martin and Altman, Naomi},
title = {{Points of significance: Significance, P values and t-tests}},
journal = {Nature Chemical Biology},
year = {2013},
volume = {10},
number = {11},
pages = {1041--1042},
month = oct
}

@article{Krzywinski:2013bx,
author = {Krzywinski, Martin and Altman, Naomi},
title = {{Points of significance: Importance of being uncertain}},
journal = {Nature Chemical Biology},
year = {2013},
volume = {10},
number = {9},
pages = {809--810},
month = aug
}

@article{AnttiArjonen:bc,
author = {Antti Arjonen, Riina Kaukonen Johanna Ivaska},
title = {{Filopodia and adhesion in cancer cell motility}},
journal = {Cell Adhesion {\&} Migration},
volume = {5},
number = {5},
pages = {421}
}

@article{Killick:2011tv,
author = {Killick, Stephen R and Leary, Christine and Trussell, James and Guthrie, Katherine A},
title = {{Sperm content of pre-ejaculatory fluid}},
journal = {Human Fertility},
year = {2011},
volume = {14},
number = {1},
pages = {48--52}
}

@article{Maiato:2003tn,
author = {Maiato, Helder and Fairley, Elizabeth A L and Rieder, Conly L and Swedlow, Jason R and Sunkel, Claudio E and Earnshaw, William C},
title = {{Human CLASP1 is an outer kinetochore component that regulates spindle microtubule dynamics.}},
journal = {Cell},
year = {2003},
volume = {113},
number = {7},
pages = {891--904},
month = jun
}

@article{Zukerman:2003vh,
author = {Zukerman, Zvi Z and Weiss, David B DB and Orvieto, Raoul R},
title = {{Does preejaculatory penile secretion originating from Cowper's gland contain sperm?}},
journal = {Journal of Assisted Reproduction and Genetics},
year = {2003},
volume = {20},
number = {4},
pages = {157--159},
month = mar
}

@article{Sun:2006uo,
author = {Sun, Qing-Yuan and Schatten, Heide},
title = {{Role of NuMA in vertebrate cells: review of an intriguing multifunctional protein.}},
journal = {Frontiers in bioscience : a journal and virtual library},
year = {2006},
volume = {11},
pages = {1137--1146}
}

@article{Free:vo,
author = {Free, M J and Alexander, N J},
title = {{Male contraception without prescription. A reevaluation of the condom and coitus interruptus.}}
}

@article{MANIOTIS:1991fm,
author = {Maniotis, A and Schliwa, M},
title = {{Microsurgical Removal of Centrosomes Blocks Cell Reproduction and Centriole Generation in Bsc-1 Cells}},
journal = {Cell},
year = {1991},
volume = {67},
number = {3},
pages = {495--504}
}

@article{Hunter:2000vv,
author = {Hunter, A W and Wordeman, L},
title = {{How motor proteins influence microtubule polymerization dynamics.}},
journal = {Journal of Cell Science},
year = {2000},
volume = {113 Pt 24},
pages = {4379--4389},
month = dec
}

@article{Desai:1997cl,
author = {Desai, A and Mitchison, T J},
title = {{Microtubule polymerization dynamics.}},
journal = {Annual review of cell and developmental biology},
year = {1997},
volume = {13},
pages = {83--117}
}

@article{Maurer:2014by,
author = {Maurer, Sebastian P and Cade, Nicholas I and Bohner, Gerg{\H o} and Gustafsson, Nils and Boutant, Emmanuel and Surrey, Thomas},
title = {{EB1 Accelerates Two Conformational Transitions Important for Microtubule Maturation and Dynamics}},
journal = {Current Biology},
year = {2014},
volume = {24},
number = {4},
pages = {372--384},
month = feb
}

@article{Biggins:2003dl,
author = {Biggins, Sue and Walczak, Claire E},
title = {{Captivating Capture: How Microtubules Attach to Kinetochores}},
journal = {Current Biology},
year = {2003},
volume = {13},
number = {11},
pages = {R449--R460},
month = may
}

@article{Rizk:2009cn,
author = {Rizk, R S and Bohannon, K P and Wetzel, L A and Powers, J and Shaw, S L and Walczak, C E},
title = {{MCAK and Paclitaxel Have Differential Effects on Spindle Microtubule Organization and Dynamics}},
journal = {Molecular Biology of the Cell},
year = {2009},
volume = {20},
number = {6},
pages = {1639--1651},
month = mar
}

@article{Wordeman:2007br,
author = {Wordeman, Linda and Wagenbach, Michael and von Dassow, George},
title = {{MCAK facilitates chromosome movement by promoting kinetochore microtubule turnover.}},
journal = {The Journal of Cell Biology},
year = {2007},
volume = {179},
number = {5},
pages = {869--879},
month = dec
}

@article{Uehara:2009gx,
author = {Uehara, Ryota and Nozawa, Ryu-suke and Tomioka, Akiko and Petry, Sabine and Vale, Ronald D and Obuse, Chikashi and Goshima, Gohta},
title = {{The augmin complex plays a critical role in spindle microtubule generation for mitotic progression and cytokinesis in human cells.}},
journal = {Proceedings of the National Academy of Sciences of the United States of America},
year = {2009},
volume = {106},
number = {17},
pages = {6998--7003},
month = apr
}

@article{Hayward:2014co,
author = {Hayward, Daniel and Metz, Jeremy and Pellacani, Claudia and Wakefield, James G},
title = {{Synergy between Multiple Microtubule-Generating Pathways Confers Robustness to Centrosome-Driven Mitotic Spindle Formation.}},
journal = {Developmental Cell},
year = {2014},
volume = {28},
number = {1},
pages = {81--93},
month = jan
}

@article{Brittle:2005gq,
author = {Brittle, Amy L and Ohkura, Hiroyuki},
title = {{Centrosome Maturation: Aurora Lights the Way to the Poles}},
journal = {Current Biology},
year = {2005},
volume = {15},
number = {21},
pages = {R880--R882},
month = nov
}

@article{Kamasaki:2013hr,
author = {Kamasaki, Tomoko and O'Toole, Eileen and Kita, Shigeo and Osumi, Masako and Usukura, Jiro and McIntosh, J Richard and Goshima, Gohta},
title = {{Augmin-dependent microtubule nucleation at microtubule walls in the spindle.}},
journal = {The Journal of Cell Biology},
year = {2013},
volume = {202},
number = {1},
pages = {25--33},
month = jul
}

@article{Barros:2005ft,
author = {Barros, Teresa P and Kinoshita, Kazuhisa and Hyman, Anthony A and Raff, Jordan W},
title = {{Aurora A activates D-TACC-Msps complexes exclusively at centrosomes to stabilize centrosomal microtubules}},
journal = {The Journal of Cell Biology},
year = {2005},
volume = {170},
number = {7},
pages = {1039--1046},
month = sep
}

@article{Luca:2006gh,
author = {Luca, Maria and Lavia, Patrizia and Guarguaglini, Giulia},
title = {{A  Functional Interplay Between Aurora-A, Plk1 and TPX2  at  Spindle Poles: Plk1 Controls Centrosomal Localization of Aurora-A and  TPX2 Spindle Association}},
journal = {Cell cycle (Georgetown, Tex)},
year = {2006},
volume = {5},
number = {3},
pages = {296--303},
month = jan
}

@article{Hendershott:2014gh,
author = {Hendershott, M C and Vale, R D},
title = {{Regulation of microtubule minus-end dynamics by CAMSAPs and Patronin}},
journal = {Proceedings of the National Academy of Sciences of the United States of America},
year = {2014},
month = mar
}

@article{Uehara:2013jx,
author = {Uehara, Ryota and Tsukada, Yuki and Kamasaki, Tomoko and Poser, Ina and Yoda, Kinya and Gerlich, Daniel W and Goshima, Gohta},
title = {{Aurora B and Kif2A control microtubule length for assembly of a functional central spindle during anaphase}},
journal = {Journal of Cell Biology},
year = {2013},
volume = {202},
number = {4},
pages = {623--636}
}

@article{Goshima:2010ia,
author = {Goshima, Gohta and Kimura, Akatsuki},
title = {{New look inside the spindle: microtubule-dependent microtubule generation within the spindle.}},
journal = {Current Opinion in Cell Biology},
year = {2010},
volume = {22},
number = {1},
pages = {44--49},
month = feb
}

@article{ValeroMora:2003wv,
author = {Valero-Mora, P M and Young, F W and Friendly, M},
title = {{Visualizing categorical data in ViSta}},
journal = {Computational Statistics {\&} Data Analysis},
year = {2003},
volume = {43},
number = {4},
pages = {495--508}
}

@article{Barr:2007jg,
author = {Barr, A R and Gergely, F},
title = {{Aurora-A: the maker and breaker of spindle poles}},
journal = {Journal of Cell Science},
year = {2007},
volume = {120},
number = {17},
pages = {2987--2996},
month = aug
}

@article{Nigg:2009kc,
author = {Nigg, Erich A and Raff, Jordan W},
title = {{Centrioles, Centrosomes, and Cilia in Health and Disease}},
journal = {Cell},
year = {2009},
volume = {139},
number = {4},
pages = {663--678},
month = nov
}

@article{Mori:2006da,
author = {Mori, D and Yano, Y and Toyo-oka, K and Yoshida, N and Yamada, M and Muramatsu, M and Zhang, D and Saya, H and Toyoshima, Y Y and Kinoshita, K and Wynshaw-Boris, A and Hirotsune, S},
title = {{NDEL1 Phosphorylation by Aurora-A Kinase Is Essential for Centrosomal Maturation, Separation, and TACC3 Recruitment}},
journal = {Molecular and Cellular Biology},
year = {2006},
volume = {27},
number = {1},
pages = {352--367},
month = dec
}

@article{Berdnik:2002fc,
author = {Berdnik, D and Knoblich, J A},
title = {{Drosophila aurora-A is required for centrosome maturation and actin-dependent asymmetric protein localization during mitosis}},
journal = {Current biology : CB},
year = {2002},
volume = {12},
number = {8},
pages = {640--647}
}

@article{Hornick:2011cca,
author = {Hornick, Jessica E and Mader, Christopher C and Tribble, Emily K and Bagne, Cydney C and Vaughan, Kevin T and Shaw, Sidney L and Hinchcliffe, Edward H},
title = {{Amphiastral Mitotic Spindle Assembly in Vertebrate Cells Lacking Centrosomes}},
journal = {Current Biology},
year = {2011},
volume = {21},
number = {7},
pages = {598--605},
month = apr
}

@article{Gentile:2010ca,
author = {Gentile, Luca and Cebri{\`a}, Francesc and Bartscherer, Kerstin},
title = {{The planarian flatworm: an in vivo model for stem cell biology and nervous system regeneration.}},
journal = {Disease Models {\&} Mechanisms},
year = {2010},
volume = {4},
number = {1},
pages = {12--19},
month = dec
}

@article{Schmit:2001ws,
author = {Schmit, Anne-Catherine},
title = {{Acentrosomal microtubule nucleation in higher plants.}},
journal = {International review of cytology},
year = {2001},
volume = {220},
pages = {257--289},
month = dec
}

@article{Kodani:2013et,
author = {Kodani, Andrew and Salom{\'e} Sirerol-Piquer, Maria and Seol, Allen and Manuel Garcia-Verdugo, Jose and Reiter, Jeremy F},
title = {{Kif3a interacts with Dynactin subunit p150Glued to organize centriole subdistal appendages}},
journal = {The EMBO Journal},
year = {2013},
volume = {32},
number = {4},
pages = {597--607},
month = feb
}

@article{HoyerFender:2010cl,
author = {Hoyer-Fender, Sigrid},
title = {{Centriole maturation and transformation to basal body.}},
journal = {Seminars in cell {\&} developmental biology},
year = {2010},
volume = {21},
number = {2},
pages = {142--147},
month = mar
}

@article{Vladimirou:2013jd,
author = {Vladimirou, Elina and Mchedlishvili, Nunu and Gasic, Ivana and Armond, Jonathan W and Samora, Catarina P and Meraldi, Patrick and Mcainsh, Andrew D},
title = {{Nonautonomous Movement of Chromosomes in Mitosis}},
journal = {Developmental Cell},
year = {2013},
volume = {27},
number = {1},
pages = {60--71},
month = oct
}

@article{Meunier:2012ep,
author = {Meunier, Sylvain and Vernos, Isabelle},
title = {{Microtubule assembly during mitosis - from distinct origins to distinct functions?}},
journal = {Journal of Cell Science},
year = {2012},
volume = {125},
number = {Pt 12},
pages = {2805--2814},
month = jun
}

@article{Goshima:2003jx,
author = {Goshima, G},
title = {{The roles of microtubule-based motor proteins in mitosis: comprehensive RNAi analysis in the Drosophila S2 cell line}},
journal = {The Journal of Cell Biology},
year = {2003},
volume = {162},
number = {6},
pages = {1003--1016},
month = sep
}

@article{Sharp:2000uy,
author = {Sharp, D J and Rogers, G C and Scholey, J M},
title = {{Microtubule motors in mitosis}},
journal = {Nature},
year = {2000},
volume = {407},
number = {6800},
pages = {41--47}
}

@article{Carmena:2012eb,
author = {Carmena, Mar and Wheelock, Michael and Funabiki, Hironori and Earnshaw, William C},
title = {{The chromosomal passenger complex (CPC): from easy rider to the godfather of mitosis.}},
journal = {Nature Reviews Molecular Cell Biology},
year = {2012},
volume = {13},
number = {12},
pages = {789--803},
month = dec
}

@article{Carmena:2012di,
author = {Carmena, Mar},
title = {{Abscission checkpoint control: stuck in the middle with Aurora B.}},
journal = {Open biology},
year = {2012},
volume = {2},
number = {7},
pages = {120095},
month = jul
}

@article{Wiese:2000ep,
author = {Wiese, Christiane and Zheng, Yixian},
title = {{A new function for the [ggr] -tubulin ring complex as a microtubule minus-end cap : Article : Nature Cell Biology}},
journal = {Nature Cell Biology},
year = {2000},
volume = {2},
number = {6},
pages = {358--364},
month = may
}

@article{Friel:2011eo,
author = {Friel, Claire T and Howard, Jonathon},
title = {{The kinesin-13 MCAK has an unconventional ATPase cycle adapted for microtubule depolymerization}},
journal = {The EMBO Journal},
year = {2011},
volume = {30},
number = {19},
pages = {3928--3939},
month = aug
}

@article{Walczak:2013he,
author = {Walczak, Claire E and Gayek, Sophia and Ohi, Ryoma},
title = {{Microtubule-depolymerizing kinesins.}},
journal = {Annual review of cell and developmental biology},
year = {2013},
volume = {29},
pages = {417--441}
}

@webpage{Anonymous:HeehOvN2,
title = {{FITTING DISTRIBUTIONS WITH R
}},
url = {http://cran.r-project.org/doc/contrib/Ricci-distributions-en.pdf}
}

@article{Kotak:wv,
author = {Kotak, Sachin and Busso, Coralie and G{\"o}nczy, Pierre},
title = {{Cortical dynein is critical for proper spindle positioning in human cells}},
journal = {jcb.rupress.org}
}

@article{Krzywinski:2013ca,
author = {Krzywinski, Martin and Altman, Naomi},
title = {{Points of significance: Power and sample size}},
journal = {Nature Chemical Biology},
year = {2013},
volume = {10},
number = {12},
pages = {1139--1140},
month = nov
}

@webpage{Anonymous:jhZ_zPKq,
title = {{Dividing Cells Regulate Their Lipid Composition and Localization}},
url = {http://www.sciencedirect.com/science/article/pii/S0092867413015493}
}

@article{Jeffery:2013bq,
author = {Jeffery, Jessie M and Grigoriev, Ilya and Poser, Ina and van der Horst, Armando and Hamilton, Nicholas and Waterhouse, Nigel and Bleier, Jonathan and Subramaniam, V Nathan and Maly, Ivan V and Akhmanova, Anna and Khanna, Kum Kum},
title = {{Centrobin regulates centrosome function in interphase cells by limiting pericentriolar matrix recruitment}},
journal = {Cell cycle (Georgetown, Tex)},
year = {2013},
volume = {12},
number = {6},
pages = {899--906}
}

@article{Lambert:2002fn,
author = {Lambert, J David and Nagy, Lisa M},
title = {{Asymmetric inheritance of centrosomally localized mRNAs during embryonic cleavages.}},
journal = {Nature},
year = {2002},
volume = {420},
number = {6916},
pages = {682--686},
month = dec
}

@article{Tillement:2009ce,
author = {Tillement, Vanessa and Remy, Marie-H{\'e}l{\`e}ne and Raynaud-Messina, Brigitte and Mazzolini, Laurent and Haren, Laurence and Merdes, Andreas},
title = {{Spindle assembly defects leading to the formation of a monopolar mitotic apparatus.}},
journal = {Biology of the cell / under the auspices of the European Cell Biology Organization},
year = {2009},
volume = {101},
number = {1},
pages = {1--11},
month = jan
}

@article{Kollu:2009if,
author = {Kollu, Swapna and Bakhoum, Samuel F and Compton, Duane A},
title = {{Interplay of Microtubule Dynamics and Sliding during Bipolar Spindle Formation in Mammalian Cells}},
journal = {Current Biology},
year = {2009},
volume = {19},
number = {24},
pages = {2108--2113},
month = dec
}

@webpage{Anonymous:48Yupok_,
title = {{sciencedirect.com}},
url = {http://www.sciencedirect.com/science/MiamiMultiMediaURL/1-s2.0-S1534580714000021/1-s2.0-S1534580714000021-mmc1.pdf/272236/FULL/S1534580714000021/568bb524f1d849b1f83fede1755876bc/mmc1.pdf}
}

@incollection{Barisic:2012hg,
author = {Barisic, Marin and Pereira, Ant{\'o}nio J and Maiato, Helder},
title = {{Fluorescent Speckle Microscopy in Cultured Cells}},
booktitle = {sciencedirect.com},
year = {2012},
pages = {147--161},
publisher = {Elsevier}
}

@book{Anonymous:2012wk,
title = {{sciencedirect.com}},
publisher = {Elsevier},
year = {2012}
}

@article{Maiato:2013it,
author = {Maiato, Helder and Barral, Yves},
title = {{Unbiased about chromosome segregation: give me a mechanism and I will make you ``immortal''}},
journal = {Chromosome research : an international journal on the molecular, supramolecular and evolutionary aspects of chromosome biology},
year = {2013},
volume = {21},
number = {3},
pages = {189--191},
month = may
}

@article{Salmon:2011el,
author = {Salmon, E D and M Waterman, C},
title = {{How we discovered fluorescent speckle microscopy}},
journal = {Molecular Biology of the Cell},
year = {2011},
volume = {22},
number = {21},
pages = {3940--3942},
month = oct
}

@article{WatermanStorer:1998vg,
author = {Waterman-Storer, C M and Desai, A and Bulinski, J C and Salmon, E D},
title = {{Fluorescent speckle microscopy, a method to visualize the dynamics of protein assemblies in living cells.}},
journal = {Current biology : CB},
year = {1998},
volume = {8},
number = {22},
pages = {1227--1230},
month = nov
}

@article{Wilson:1997ki,
author = {Wilson, Paula J and Forer, Arthur},
title = {{Effects of Nanomolar taxol on crane-fly spermatocyte spindles indicate that acetylation of kinetochore microtubules can be used as a marker of poleward tubulin flux}},
journal = {Cell motility and the cytoskeleton},
year = {1997},
volume = {37},
number = {1},
pages = {20--32}
}

@article{SilvermanGavrila:IBrjNwme,
author = {Silverman-Gavrila, R V and Forer, A},
title = {{Evidence that actin and myosin are involved in the poleward flux of tubulin in metaphase kinetochore microtubules of crane-fly spermatocytes}}
}

@article{Watanabe:2012gg,
author = {Watanabe, Yoshinori},
title = {{Geometry and force behind kinetochore orientation: lessons from meiosis.}},
journal = {Nature Reviews Molecular Cell Biology},
year = {2012},
volume = {13},
number = {6},
pages = {370--382},
month = jun
}

@article{KlineSmith:ts,
author = {Kline-Smith, Susan L and Khodjakov, Alexey and Hergert, Polla and Walczak, Claire E},
title = {{Depletion of Centromeric MCAK Leads to Chromosome Congression and Segregation Defects Due to Improper Kinetochore Attachments}},
journal = {molbiolcell.org}
}

@article{Cimini:2003gr,
author = {Cimini, Daniela and Ben Moree and Canman, Julie C and Salmon, E D},
title = {{Merotelic kinetochore orientation occurs frequently during early mitosis in mammalian tissue cells and error correction is achieved by two different mechanisms.}},
journal = {Journal of Cell Science},
year = {2003},
volume = {116},
number = {Pt 20},
pages = {4213--4225},
month = oct
}

@article{Tan:2006ih,
author = {Tan, Dongyan and Asenjo, Ana B and Mennella, Vito and Sharp, David J and Sosa, Hernando},
title = {{Kinesin-13s form rings around microtubules.}},
journal = {Journal of Cell Biology},
year = {2006},
volume = {175},
number = {1},
pages = {25--31},
month = oct
}

